2484 3800
170 65 352 120 XXlV
982 66 1384 119 PRAEFATIO

173 227 428 292 oblatus
492 228 751 292 cuiusve
815 227 885 291 in
947 250 1100 291 usus
1156 231 1452 291 exaratus
1509 231 1620 291 est.
1635 224 1687 315 1)
1781 225 1948 291 Sunt
2002 227 2200 291 etiam

174 335 250 398 de
312 334 545 419 quibus
609 334 862 399 dubites
917 335 1171 398 cuinam
1224 334 1457 398 horum
1512 355 1819 420 generum
1867 333 2202 418 ‘aptissime

173 441 434 505 tribuas.
499 440 811 505 Versibus
849 445 1063 505 autem
1102 441 1317 505 codice
1345 440 1632 505 Mediceo
1670 440 1937 504 servatis
1974 444 2196 504 utrum

170 547 455 633 syllegae
509 547 684 611 illius
741 547 1165 632 conditorem,
1227 569 1311 611 an
1365 568 1511 611 eum
1565 546 1746 610 cuius
1801 546 1870 609 in
1923 568 2076 610 usus
2122 569 2201 610 ea

171 653 505 738 descripta,
553 675 636 717 an
682 654 784 717 cui
832 653 1049 717 oblata
1094 656 1262 717 esset
1312 652 1702 717 celebratum
1749 675 1882 717 esse
1928 653 2198 738 impera-

175 764 382 824 torem
436 760 650 844 malis,
705 760 761 823 si
816 782 952 824 rem
1007 763 1282 844 spectas,
1346 760 1478 824 fere
1542 760 1710 824 idem
1770 763 1882 824 est.
1973 758 2196 844 Ipsum

170 866 340 929 enim
392 865 705 930 Basih’um
760 862 867 953 (cf.
914 865 1083 930 infra
1136 889 1196 950 p.
1237 863 1551 953 XXVIII)
1613 866 1815 930 libros
1878 867 2199 951 conquisi-

169 971 335 1035 visse
383 976 446 1036 et
493 972 824 1059 collegisse
872 973 1016 1057 quis
1063 977 1160 1036 est
1207 974 1318 1058 qui
1364 974 1623 1038 credat‘?
1714 972 2032 1057 Quicquid
2077 974 2197 1059 igi-

168 1081 276 1140 tur
321 1078 436 1141 LX
489 1079 619 1143 illis
673 1078 962 1143 versibus
1020 1079 1369 1164 deperditis
1424 1080 1665 1144 dictum
1720 1079 1917 1143 fuisse
1976 1081 2197 1165 sumis,

174 1207 243 1248 re
281 1185 419 1268 ipsa
447 1185 776 1249 adduceris
813 1186 893 1249 ad
928 1186 1379 1270 suspicandum
1417 1207 1647 1270 corpus
1682 1185 1845 1249 illud
1879 1186 2195 1250 librorum

168 1291 824 1357 antimanichaeorum
882 1292 1160 1357 carmine
1217 1292 1464 1356 adiecto
1520 1292 1761 1356 Basilio
1818 1292 2193 1376 imperatori

171 1419 307 1462 esse
345 1399 721 1463 dedicatum.
796 1398 981 1476 Quod
1025 1421 1142 1483 pro
1181 1402 1357 1463 certo
1404 1398 1626 1462 licebit
1664 1399 2002 1484 affirmare,
2048 1421 2194 1463 con-

167 1505 379 1589 tingat
432 1505 622 1569 modo
695 1528 886 1590 quam
942 1505 1025 1569 ob
1085 1526 1341 1568 causam
1395 1505 1463 1569 id
1515 1505 1657 1568 fieri
1710 1506 1996 1588 potuerit
2048 1527 2193 1589 pro-

176 1610 475 1675 babiliter
520 1612 853 1695 explicare.

303 1715 678 1781 Gravissimi
733 1717 933 1781 totius
997 1717 1297 1781 carminis
1352 1720 1503 1781 sunt
1556 1738 1775 1781 versus
1815 1710 2193 1781 '212—217.

166 1822 288 1886 His
317 1845 462 1887 cum
490 1823 614 1908 ipsi
653 1827 1231 1887 commemorentur
1259 1822 1619 1887 Manichaei
1646 1826 2041 1887 monstratur
2068 1824 2191 1888 via.

298 1929 575 1993 Basilius
612 1929 875 1995 Macedo
921 1952 1066 1994 cum
1103 1929 1418 1995 Michaele
1464 1931 1673 1994 occiso
1712 1953 1765 1995 a.
1796 1932 1922 1996 867
1962 1931 2192 2017 guber-

165 2036 395 2100 nacula
439 2037 531 2099 rei
578 2037 871 2120 publicae
916 2036 1355 2123 prehenderet‚
1399 2036 1651 2100 nullum
1696 2037 1956 2122 gravius
1992 2038 2189 2121 impe-

168 2143 265 2206 rio
312 2142 604 2207 Romano
652 2143 1030 2207 imminebat
1073 2145 1432 2228 periculum
1490 2166 1681 2228 quam
1729 2142 1900 2227 quod
1947 2166 1984 2206 a
2026 2142 2190 2207 Pau—

164 2250 545 2313 licianorum
599 2252 771 2312 secta
817 2250 1178 2336 creabatur3
1235 2273 1395 2335 quos
1439 2272 1573 2314 non
1616 2249 1826 2322 solum
1872 2249 2190 2335 originem

169 2355 395 2419 ducere
443 2378 479 2418 a
524 2353 914 2419 Manichaeis
968 2356 1309 2441 putabant,
1366 2356 1477 2420 sed
1526 2356 1699 2440 ipsos
1746 2356 1940 2420 etiam
1985 2355 2192 2419 Mani-

167 2460 509 2525 chaeorum
563 2461 823 2525 nomine
869 2461 1064 2547 vulgo
1117 2462 1604 2547 compellabant.
1694 2462 1826 2525 Diu
1881 2462 2051 2526 enim
2107 2462 2190 2526 ab

167 2567 661 2652 imperatoribus
706 2567 1015 2632 Romanis
1070 2570 1474 2653 maximeque
1520 2567 1893 2633 Theodorae
1948 2559 2191 2633 crudeli

165 2675 404 2759 pietate
417 2671 470 2760 2)
516 2676 731 2738 vexati
789 2679 853 2739 et
900 2676 1186 2759 oppressi
1231 2673 1574 2739 Armeniae
1628 2675 1697 2738 in
1750 2678 2002 2739 montes
2046 2696 2195 2738 con—

311 2906 364 2973 1)
403 2902 484 2958 Cf.
531 2900 732 2956 Basilii
785 2901 919 2971 imp.
966 2902 1216 2957 codicem
1271 2919 1501 2972 operum
1546 2900 1802 2971 Gregorii
1837 2901 1973 2957 Naz.
2015 2900 2188 2972 (infra

165 3009 217 3061 p.
249 2990 483 3046 XXVIII
512 2992 565 3059 2)
594 2992 653 3044 et
678 2990 1079 3060 parallelorum
1115 2990 1321 3045 librum
1348 2990 1633 3046 Eudociae
1660 2991 1952 3060 Augustae
1981 2991 2188 3061 (Mont-

164 3079 368 3134 faucon
403 3078 516 3147 pal.
554 3096 635 3148 gr.
675 3096 727 3148 p.
760 3083 862 3133 295
885 3083 988 3149 sq.)
1036 3082 1094 3134 et
1130 3078 1435 3133 Zachariae
1481 3096 1665 3148 papae
1710 3078 1962 3134 codicem
2009 3078 2187 3134 dialo-

165 3186 363 3238 gorum
418 3166 676 3238 Gregorii
730 3167 803 3223 M.
870 3166 1122 3237 (Batiffol
1175 3168 1307 3223 Mel.
1369 3167 1663 3222 d'archeol.
1723 3169 1781 3222 et
1834 3165 2020 3223 d'hist.
2056 3167 2189 3222 VIII

165 3276 219 3325 p.
251 3260 390 3328 303).

306 3348 360 3414 2)
388 3345 549 3398 Κατὰ
575 3345 637 3397 τὸ
664 3344 775 3399 ὑπὸ
798 3346 995 3414 κυρίου
1025 3342 1320 3415 εἰρημένον
1351 3340 1413 3400 ἐν
1443 3341 1782 3414 εὐαγγελίοις
1801 3343 2186 3417 [Luc.19,27]·

167 3432 294 3493 τοὺς
331 3432 404 3499 μὴ
443 3428 715 3491 θέλοντάς
753 3450 818 3500 με
858 3432 1179 3503 βασιλεῦσαι
1217 3427 1308 3486 ἐπ’
1343 3434 1547 3495 αὐτοὺς
1576 3430 1834 3501 ἐνέγκατε
1866 3431 2187 3503 ἔμπροσθέν
