2484 3800
740 134 938 184 ΠΡΟΣ
975 132 1117 184 ΤΑΣ
1152 133 1573 184 MANIXAIOT
1608 130 1852 191 ΔΟΞΑΣ
2041 138 2050 147 ·
2210 130 2294 193 37

411 295 499 358 Τὸ
556 291 631 359 δὲ
685 292 1048 378 ἀπέχεσθαι
1102 294 1321 378 γάμου
1366 290 1473 357 καὶ
1513 292 1930 381 ἀφροδισίων
1976 294 2296 375 δεδιότας,

266 401 356 485 μὴ
403 401 566 465 κατὰ
611 401 735 484 τὴν
779 409 901 464 τοῦ
946 398 1184 483 γένους
1228 400 1551 483 διαδοχὴν
1588 398 1693 466 ἐπὶ
1737 400 1942 467 πλέον
1989 399 2295 486 ἐνοικήσῃ

266 515 347 592 τῇ
402 506 530 592 ὕλῃ
584 506 625 589 ἡ
685 506 967 590 δύναμις
1019 505 1060 588 ἡ
1115 509 1302 589 θεία,
1365 507 1682 591 θαυμάζω
1743 518 1886 583 πῶς
1939 504 2048 571 καὶ
2104 504 2295 572 αὐτοὶ

268 611 546 689 ἑαυτοὺς
600 611 1053 697 ἀποδέχονται.
1143 613 1202 677 εἰ
1256 613 1383 697 γὰρ
1440 613 1527 697 μὴ
1577 611 1831 699 ἐξαρκεῖ
1873 614 1913 697 ἡ
1961 622 2081 678 τοῦ
2125 618 2295 677 θεοῦ

264 722 587 804 πρόνοια,
624 721 790 785 ὥστε
827 716 937 783 καὶ
976 719 1088 783 διὰ
1124 716 1449 801 γενέσεων
1484 717 1593 784 καὶ
1631 722 1744 785 διὰ
1788 731 1922 785 τῶν
1958 717 2060 785 ἀεὶ
2088 719 2295 802 <κατὰ
2350 738 2374 778 5

266 827 349 891 τὰ
385 826 596 910 αὐτὰ>
633 824 742 891 καὶ
790 826 1102 902 ὡσαύτως
1148 824 1437 909 ἐχόντων
1483 825 2141 912 ἀποικονομήσασθαι
2181 833 2296 908 τῆς

264 933 432 1016 ὕλης
476 933 599 1015 τὴν
642 936 842 998 θείαν
888 933 1197 1017 δύναμιν,
1243 936 1315 996 τί
1353 931 1393 1014 ἡ
1440 941 1561 997 τοῦ
1602 936 1987 1016 Μανιχαίου
2033 931 2295 996 ἐπίνοια

266 1036 438 1126 ὑπὲρ
484 1040 728 1105 τούτου
774 1039 1396 1123 διαμηχανήσασθαι
1442 1038 1747 1119 δύναται;
1794 1039 1875 1105 οὐ
1912 1042 2039 1124 γὰρ
2078 1040 2295 1121 δήπου

265 1149 620 1234 γιγαντείω
675 1147 912 1230 λήματι
968 1146 1056 1222 ὡς
1114 1145 1384 1228 ἀληθῶς
1438 1162 1644 1229 φησιν
1699 1154 1792 1234 τῷ
1843 1153 1985 1234 θεῷ
2042 1144 2295 1228 βοηθὸς

263 1254 435 1338 πρὸς
479 1261 676 1318 τοῦτο
722 1249 1099 1336 γεγονέναι,
1145 1252 1259 1316 ἵνα
1302 1253 1418 1328 τὰς
1462 1250 1750 1334 γενέσεις
1795 1252 2092 1338 ἀναιρῶν
2137 1249 2295 1314 σύν-
2312 1275 2364 1327 p.
2380 1262 2465 1311 20⁸

265 1383 475 1444 τομον
516 1360 761 1445 ποιήσῃ
816 1359 940 1442 τὴν
984 1367 1099 1441 τῆς
1150 1362 1342 1434 θειάς
1396 1359 1738 1442 δυνάμεως
1792 1358 1921 1423 ἀπὸ
1971 1366 2087 1440 τῆς
2130 1356 2295 1438 ὕλης

264 1466 705 1552 ἀναχώρησιν.

381 1568 460 1636 “A
504 1567 579 1635 δὲ
625 1568 882 1653 λέγεται
935 1570 1066 1636 ὑπὸ
1117 1581 1254 1635 τῶν
1296 1573 1629 1654 ποιήσεων
1671 1569 1824 1655 περὶ
1869 1582 2004 1635 τῶν
2050 1570 2293 1652 Γιγάν-

264 1701 431 1761 των,
487 1679 800 1762 ἄντικρυς
854 1679 1073 1761 μῦθός
1119 1676 1315 1741 ἐστιν.
1390 1678 1456 1741 οῑ
1500 1673 1625 1767 μὲν
1668 1678 1794 1762 γὰρ
1839 1674 1991 1761 περὶ
2036 1677 2294 1742 τούτων

266 1785 723 1861 διατάττοντες
779 1783 853 1848 έν
902 1783 1329 1869 ἀλληγορίαις
1383 1786 1489 1848 τὰ.
1516 1793 1788 1849 τοιαῦτα
1840 1782 2290 1870 προφέρονται
2318 1804 2370 1844 15

263 1892 340 1957 τὸ
399 1892 644 1977 σεμνὸν
708 1901 828 1957 τοῦ
892 1893 1099 1975 λόγου
1163 1890 1696 1976 ἀποκρύπτοντες
1750 1899 1827 1976 τῇ
1882 1899 2002 1955 τοῦ
2062 1890 2290 1975 μύθου

268 1998 438 2086 ἰδέα
512 1990 659 2065 οἷον
723 2000 883 2064 ὅταν
944 1998 984 2081 ἡ
1050 2009 1186 2063 τῶν
1240 1996 1589 2064 Ἰουδαίων
1656 1999 1913 2083 ἱστορία
1976 2007 2069 2082 φῇ
2133 1998 2290 2072 τοὺς

263 2103 588 2189 ἀγγέλους
640 2116 784 2182 ταῖς
834 2106 1212 2191 θυγατράσι
1266 2116 1402 2169 τῶν
1446 2104 1828 2191 ἀνθρώπων
1872 2105 1965 2180 εἰς
2010 2103 2290 2189 ἀφροδι-

266 2215 433 2276 σίων
461 2208 987 2295 συνεληλυθέναι
1025 2210 1226 2295 μῖξιν,
1249 2212 1380 2287 ,τὰς
1416 2212 1543 2294 γὰρ
1581 2211 1942 2295 θρεπτικὰς
1974 2209 2289 2294 δυνάμεις

263 2327 378 2401 τῆς
423 2326 638 2402 ψυχῆς
683 2317 810 2382 ἀπὸ
857 2329 991 2382 τῶν
1037 2319 1173 2382 ἅνω
1222 2315 1329 2382 ἐπὶ
1374 2319 1456 2382 τὰ
1500 2318 1656 2403 τῇδε
1702 2317 1761 2401 <.
1790 2366 1805 2382 .
1834 2318 1894 2401 .>
1928 2316 1969 2400 ἡ
2016 2316 2285 2399 τοιαύτη
2316 2338 2367 2378 20

264 2426 577 2510 προφορὰ
631 2433 752 2489 τοῦ
806 2426 1013 2507 λόγου
1066 2427 1388 2508 σημαίνει.
1457 2425 1528 2489 οἱ
1584 2421 1850 2508 ποιηταὶ
1910 2419 1984 2487 δὲ
2045 2421 2115 2488 ἐκ
2167 2429 2289 2504 γῆς

267 2530 588 2606 ἐνόπλους
641 2529 955 2615 ἀνασχεῖν
1008 2528 1311 2613 λέγοντες
1363 2531 1642 2607 τούτους
1698 2525 1815 2595 εἶτ’
1863 2528 2072 2605 εὐθὺς
2123 2528 2289 2624 πρρς

265 2638 470 2713 θεοὺς
513 2635 924 2723 ἀντάραντας
978 2634 1419 2720 ἀπολωλέναι,
1472 2637 1547 2701 τὸ
1603 2638 1765 2719 ταχὺ
1817 2633 1926 2700 καὶ
1974 2634 2289 2720 ἐπίκηρον

412 2868 477 2919 17
517 2871 625 2935 φῇς
663 2862 861 2917 Genea.
891 2869 942 2945 6
972 2869 1004 2916 2
1052 2862 1143 2934 (cf.
1190 2862 1354 2917 Philo
1402 2862 1471 2916 de
1517 2860 2286 2932 giganb.0rigen.o.0018.

266 2933 317 2988 V
356 2938 445 3005 55)
592 2939 656 2989 21
698 2934 766 2990 cf.
804 2907 1033 2989 Hemod.
1069 2936 1261 3004 theog.
1304 2938 1405 2988 185
1426 2950 1508 3001 sq.
1547 2933 1668 2989 sim.

411 3152 439 3201 1
479 3145 767 3209 δεδειότας
808 3146 869 3199 Μ
1045 3153 1081 3201 4
1119 3141 1326 3215 ἐξαρκῇ
1370 3145 1454 3202 Με
1498 3162 1637 3200 corr.
1684 3145 1725 3199 C
1904 3150 1937 3198 5
1985 3143 2173 3217 (κατὰ
2216 3144 2286 3198 τὰ

264 3217 452 3289 αὐτὰ)
488 3219 719 3288 propter
754 3216 869 3272 καὶ
906 3217 998 3272 ὥσ.
1035 3216 1354 3272 necessario
1393 3215 1728 3284 addendum,
1768 3215 1838 3271 cf.
1877 3234 1931 3286 p.
1961 3221 2047 3284 20,
2075 3221 2110 3269 4

267 3294 297 3342 9
334 3291 600 3361 γιγαντίω
638 3288 879 3359 λήμματι
914 3288 974 3342 Μ
1094 3288 1134 3344 f.
1172 3287 1342 3357 φήσει
1467 3292 1534 3341 18
1572 3288 1908 3357 ἀφροδίσιον
1945 3286 2028 3341 Μ·
2066 3302 2202 3342 corr,
2242 3285 2283 3339 C

268 3311 368 3430 (of.
397 3361 543 3415 Plass.
590 3360 726 3429 legg
729 3359 903 3414 V.111
936 3362 1088 3429 8360)
1306 3363 1374 3411 20
1406 3354 1697 3438 ῥεπούσας
1741 3357 1834 3410 vel
1877 3355 2148 3417 νευούσας
2190 3356 2284 3410 vel

267 3428 584 3521 φερομένας
618 3430 711 3486 vel
747 3430 864 3486 bale
900 3430 1125 3485 videtur
1158 3426 1513 3483 intercidisse
1728 3432 1795 3480 23
1833 3426 2162 3497 ἀπάραντας
2196 3426 2281 3483 Μ·

266 3501 620 3574 ἀντάραντας
656 3501 855 3573 scripsi
894 3502 986 3573 (of.
1025 3518 1072 3557 e.
1102 3519 1154 3571 g.
1192 3519 1247 3571 p.
1278 3505 1328 3570 8,
1361 3502 1449 3569 11)
