<?xml version="1.0" encoding="UTF-8"?>
<!DOCTYPE html PUBLIC "-//W3C//DTD XHTML 1.0 Transitional//EN"
    "http://www.w3.org/TR/xhtml1/DTD/xhtml1-transitional.dtd">
<html xmlns="http://www.w3.org/1999/xhtml" xml:lang="en" lang="en">
 <head>
  <title>
</title>
<meta http-equiv="Content-Type" content="text/html;charset=utf-8" />
  <meta name='ocr-system' content='tesseract 3.04.00' />
  <meta name='ocr-capabilities' content='ocr_page ocr_carea ocr_par ocr_line ocrx_word'/>
</head>
<body>
  <div class='ocr_page' id='page_1' title='image "./contramanichaei00bringoog_0058.png"; bbox 0 0 2484 3800; ppageno 0'>
   <div class='ocr_carea' id='block_1_1' title="bbox 183 106 1728 169">
    <p class='ocr_par' dir='ltr' id='par_1_1' title="bbox 183 106 1728 169">
     <span class='ocr_line' id='line_1_1' title="bbox 183 106 1728 169; baseline -0.003 -9"><span class='ocrx_word' id='word_1_1' title='bbox 183 106 263 169; x_wconf 88' lang='grc'><strong><em>18</em></strong></span> <span class='ocrx_word' id='word_1_2' title='bbox 649 106 1142 165; x_wconf 77' lang='grc' dir='ltr'><strong>ΑΛΕΞΑΝΔΡΟΤ</strong></span> <span class='ocrx_word' id='word_1_3' title='bbox 1177 106 1728 159; x_wconf 81' lang='grc' dir='ltr'><strong>ΑΤΚΟΠΟΛΙΤΟΤ</strong></span> 
     </span>
    </p>
   </div>
   <div class='ocr_carea' id='block_1_2' title="bbox 15 264 2210 3125">
    <p class='ocr_par' dir='ltr' id='par_1_2' title="bbox 176 264 2210 674">
     <span class='ocr_line' id='line_1_2' title="bbox 176 264 2210 354; baseline -0.001 -19"><span class='ocrx_word' id='word_1_4' title='bbox 176 294 277 346; x_wconf 87' lang='grc' dir='ltr'><strong><em>τις</em></strong></span> <span class='ocrx_word' id='word_1_5' title='bbox 321 272 633 354; x_wconf 89' lang='grc' dir='ltr'><strong><em>βασιλεὺς</em></strong></span> <span class='ocrx_word' id='word_1_6' title='bbox 680 266 1044 351; x_wconf 78' lang='grc' dir='ltr'><strong><em>ἐπέταττεν,</em></strong></span> <span class='ocrx_word' id='word_1_7' title='bbox 1092 267 1133 350; x_wconf 81' lang='grc' dir='ltr'><em>ἣ</em></span> <span class='ocrx_word' id='word_1_8' title='bbox 1182 264 1257 332; x_wconf 73' lang='grc' dir='ltr'><strong><em>δὲ</em></strong></span> <span class='ocrx_word' id='word_1_9' title='bbox 1303 270 1421 334; x_wconf 89' lang='grc' dir='ltr'><strong><em>τὸν</em></strong></span> <span class='ocrx_word' id='word_1_10' title='bbox 1464 269 1677 332; x_wconf 84' lang='grc' dir='ltr'><strong><em>πόνον</em></strong></span> <span class='ocrx_word' id='word_1_11' title='bbox 1721 269 1841 332; x_wconf 91' lang='grc' dir='ltr'><strong><em>τὸν</em></strong></span> <span class='ocrx_word' id='word_1_12' title='bbox 1885 267 2210 333; x_wconf 88' lang='grc' dir='ltr'><strong><em>ἀκούσιον</em></strong></span> 
     </span>
     <span class='ocr_line' id='line_1_3' title="bbox 177 370 2206 460; baseline -0 -20"><span class='ocrx_word' id='word_1_13' title='bbox 177 374 415 460; x_wconf 81' lang='grc' dir='ltr'><strong><em>ἀνέτλη</em></strong></span> <span class='ocrx_word' id='word_1_14' title='bbox 461 386 728 455; x_wconf 83' lang='grc' dir='ltr'><strong><em>τοῦτον;</em></strong></span> <span class='ocrx_word' id='word_1_15' title='bbox 774 372 885 440; x_wconf 87' lang='grc' dir='ltr'><strong><em>καὶ</em></strong></span> <span class='ocrx_word' id='word_1_16' title='bbox 933 372 1038 440; x_wconf 82' lang='grc' dir='ltr'><strong><em>ἐπὶ</em></strong></span> <span class='ocrx_word' id='word_1_17' title='bbox 1085 382 1199 458; x_wconf 80' lang='grc' dir='ltr'><strong><em>τῆς</em></strong></span> <span class='ocrx_word' id='word_1_18' title='bbox 1234 374 1399 457; x_wconf 75' lang='grc' dir='ltr'><strong><em>ὕλης</em></strong></span> <span class='ocrx_word' id='word_1_19' title='bbox 1436 370 1509 439; x_wconf 72' lang='grc' dir='ltr'><strong><em>δὲ</em></strong></span> <span class='ocrx_word' id='word_1_20' title='bbox 1548 377 1977 457; x_wconf 81' lang='grc' dir='ltr'><strong><em>ζητηθήσεται</em></strong></span> <span class='ocrx_word' id='word_1_21' title='bbox 2013 378 2206 440; x_wconf 88' lang='grc' dir='ltr'><strong><em>πότε-</em></strong></span> 
     </span>
     <span class='ocr_line' id='line_1_4' title="bbox 177 479 2200 567; baseline -0.001 -19"><span class='ocrx_word' id='word_1_22' title='bbox 177 507 301 567; x_wconf 92' lang='grc' dir='ltr'><strong><em>ρον</em></strong></span> <span class='ocrx_word' id='word_1_23' title='bbox 346 485 440 561; x_wconf 84' lang='grc' dir='ltr'><strong><em>εἰς</em></strong></span> <span class='ocrx_word' id='word_1_24' title='bbox 484 484 559 548; x_wconf 92' lang='grc' dir='ltr'><strong><em>τὸ</em></strong></span> <span class='ocrx_word' id='word_1_25' title='bbox 605 483 811 548; x_wconf 93' lang='grc' dir='ltr'><strong><em>κακὸν</em></strong></span> <span class='ocrx_word' id='word_1_26' title='bbox 857 481 1080 566; x_wconf 81' lang='grc' dir='ltr'><strong><em>ὅμοιαι</em></strong></span> <span class='ocrx_word' id='word_1_27' title='bbox 1124 479 1165 564; x_wconf 76' lang='grc' dir='ltr'><em>ἢ</em></span> <span class='ocrx_word' id='word_1_28' title='bbox 1214 479 1526 556; x_wconf 78' lang='grc' dir='ltr'><strong><em>ἐλάττους</em></strong></span> <span class='ocrx_word' id='word_1_29' title='bbox 1572 482 1903 565; x_wconf 77' lang='grc' dir='ltr'><strong><em>δυνάμεις.</em></strong></span> <span class='ocrx_word' id='word_1_30' title='bbox 1969 482 2028 546; x_wconf 81' lang='grc' dir='ltr'><strong><em>εἰ</em></strong></span> <span class='ocrx_word' id='word_1_31' title='bbox 2072 483 2200 566; x_wconf 82' lang='grc' dir='ltr'><strong><em>γὰρ</em></strong></span> 
     </span>
     <span class='ocr_line' id='line_1_5' title="bbox 178 586 2205 674; baseline -0 -19"><span class='ocrx_word' id='word_1_32' title='bbox 178 589 507 673; x_wconf 76' lang='grc' dir='ltr'><strong><em>ἐλάττους,</em></strong></span> <span class='ocrx_word' id='word_1_33' title='bbox 553 590 816 666; x_wconf 90' lang='grc' dir='ltr'><strong><em>πάντως</em></strong></span> <span class='ocrx_word' id='word_1_34' title='bbox 859 612 935 671; x_wconf 89' lang='grc' dir='ltr'><strong><em>γε</em></strong></span> <span class='ocrx_word' id='word_1_35' title='bbox 979 591 1209 665; x_wconf 81' lang='grc' dir='ltr'><strong><em>κακίας</em></strong></span> <span class='ocrx_word' id='word_1_36' title='bbox 1258 586 1593 665; x_wconf 79' lang='grc' dir='ltr'><strong><em>ἐλάττους·</em></strong></span> <span class='ocrx_word' id='word_1_37' title='bbox 1639 597 1877 674; x_wconf 75' lang='grc' dir='ltr'><strong><em>μετοχῇ</em></strong></span> <span class='ocrx_word' id='word_1_38' title='bbox 1916 590 2205 674; x_wconf 75' lang='grc' dir='ltr'><strong><em>ἄρατοῦ</em></strong></span> 
     </span>
    </p>

    <p class='ocr_par' dir='ltr' id='par_1_3' title="bbox 122 691 2206 1209">
     <span class='ocr_line' id='line_1_6' title="bbox 122 691 2203 780; baseline -0.001 -18"><span class='ocrx_word' id='word_1_39' title='bbox 122 712 147 751; x_wconf 87' lang='lat'>5</span> <span class='ocrx_word' id='word_1_40' title='bbox 175 695 439 779; x_wconf 80' lang='grc' dir='ltr'><strong><em>ἀγαθοῦ</em></strong></span> <span class='ocrx_word' id='word_1_41' title='bbox 486 691 678 761; x_wconf 86' lang='grc' dir='ltr'><strong><em>αὗται</em></strong></span> <span class='ocrx_word' id='word_1_42' title='bbox 726 694 811 759; x_wconf 73' lang='grc' dir='ltr'><strong><em>ἂν</em></strong></span> <span class='ocrx_word' id='word_1_43' title='bbox 855 693 1188 777; x_wconf 78' lang='grc' dir='ltr'><strong><em>γένοιντο,</em></strong></span> <span class='ocrx_word' id='word_1_44' title='bbox 1245 695 1369 759; x_wconf 81' lang='grc' dir='ltr'><strong><em>δύο</em></strong></span> <span class='ocrx_word' id='word_1_45' title='bbox 1416 696 1542 780; x_wconf 84' lang='grc' dir='ltr'><strong><em>γὰρ</em></strong></span> <span class='ocrx_word' id='word_1_46' title='bbox 1600 696 1815 759; x_wconf 80' lang='grc' dir='ltr'><strong><em>ὄντων</em></strong></span> <span class='ocrx_word' id='word_1_47' title='bbox 1859 706 2082 760; x_wconf 81' lang='grc' dir='ltr'><strong><em>κακῶν</em></strong></span> <span class='ocrx_word' id='word_1_48' title='bbox 2126 697 2203 760; x_wconf 86' lang='grc' dir='ltr'><strong><em>τὸ</em></strong></span> 
     </span>
     <span class='ocr_line' id='line_1_7' title="bbox 172 798 2206 886; baseline -0 -19"><span class='ocrx_word' id='word_1_49' title='bbox 172 798 374 886; x_wconf 84' lang='grc' dir='ltr'><strong><em>ἦττον</em></strong></span> <span class='ocrx_word' id='word_1_50' title='bbox 426 811 734 867; x_wconf 92' lang='grc' dir='ltr'><strong><em>τοιοῦτον</em></strong></span> <span class='ocrx_word' id='word_1_51' title='bbox 789 802 951 866; x_wconf 83' lang='grc' dir='ltr'><strong><em>κατὰ</em></strong></span> <span class='ocrx_word' id='word_1_52' title='bbox 1014 802 1384 885; x_wconf 84' lang='grc' dir='ltr'><strong><em>μετάληψιν</em></strong></span> <span class='ocrx_word' id='word_1_53' title='bbox 1437 809 1557 866; x_wconf 91' lang='grc' dir='ltr'><strong><em>τοῦ</em></strong></span> <span class='ocrx_word' id='word_1_54' title='bbox 1612 799 1877 882; x_wconf 79' lang='grc' dir='ltr'><strong><em>ἀγαθοῦ</em></strong></span> <span class='ocrx_word' id='word_1_55' title='bbox 1938 802 2206 879; x_wconf 88' lang='grc' dir='ltr'><strong><em>πάντως</em></strong></span> 
     </span>
     <span class='ocr_line' id='line_1_8' title="bbox 173 903 2203 994; baseline -0.001 -20"><span class='ocrx_word' id='word_1_56' title='bbox 173 931 306 974; x_wconf 94' lang='grc' dir='ltr'><strong><em>που</em></strong></span> <span class='ocrx_word' id='word_1_57' title='bbox 353 909 562 985; x_wconf 76' lang='grc' dir='ltr'><strong><em>οὕτως</em></strong></span> <span class='ocrx_word' id='word_1_58' title='bbox 608 911 897 993; x_wconf 82' lang='grc' dir='ltr'><strong><em>ἔσχηκεν.</em></strong></span> <span class='ocrx_word' id='word_1_59' title='bbox 988 906 1252 989; x_wconf 90' lang='grc' dir='ltr'><strong><em>ἀγαθὸν</em></strong></span> <span class='ocrx_word' id='word_1_60' title='bbox 1299 903 1372 971; x_wconf 72' lang='grc' dir='ltr'><strong><em>δὲ</em></strong></span> <span class='ocrx_word' id='word_1_61' title='bbox 1419 903 1621 972; x_wconf 72' lang='grc' dir='ltr'><strong><em>οὐδὲν</em></strong></span> <span class='ocrx_word' id='word_1_62' title='bbox 1664 906 1816 994; x_wconf 86' lang='grc' dir='ltr'><strong><em>περὶ</em></strong></span> <span class='ocrx_word' id='word_1_63' title='bbox 1861 908 1985 991; x_wconf 88' lang='grc' dir='ltr'><strong><em>τὴν</em></strong></span> <span class='ocrx_word' id='word_1_64' title='bbox 2029 907 2203 992; x_wconf 77' lang='grc' dir='ltr'><strong><em>ὕλην</em></strong></span> 
     </span>
     <span class='ocr_line' id='line_1_9' title="bbox 175 1013 2200 1101; baseline -0 -20"><span class='ocrx_word' id='word_1_65' title='bbox 175 1016 668 1081; x_wconf 75' lang='grc' dir='ltr'><strong><em>ἀπολείπουσιν.</em></strong></span> <span class='ocrx_word' id='word_1_66' title='bbox 744 1016 949 1080; x_wconf 90' lang='grc' dir='ltr'><strong><em>πάλιν</em></strong></span> <span class='ocrx_word' id='word_1_67' title='bbox 992 1018 1228 1079; x_wconf 89' lang='grc' dir='ltr'><strong><em>τοίνυν</em></strong></span> <span class='ocrx_word' id='word_1_68' title='bbox 1273 1013 1518 1100; x_wconf 91' lang='grc' dir='ltr'><strong><em>ἀπορία</em></strong></span> <span class='ocrx_word' id='word_1_69' title='bbox 1564 1013 1778 1099; x_wconf 82' lang='grc' dir='ltr'><strong><em>ἑτέρα·</em></strong></span> <span class='ocrx_word' id='word_1_70' title='bbox 1824 1016 1883 1079; x_wconf 81' lang='grc' dir='ltr'><strong><em>εἰ</em></strong></span> <span class='ocrx_word' id='word_1_71' title='bbox 1928 1015 2055 1101; x_wconf 84' lang='grc' dir='ltr'><strong><em>γάρ</em></strong></span> <span class='ocrx_word' id='word_1_72' title='bbox 2100 1040 2200 1092; x_wconf 88' lang='grc' dir='ltr'><strong><em>τις</em></strong></span> 
     </span>
     <span class='ocr_line' id='line_1_10' title="bbox 175 1121 2202 1209; baseline 0 -23"><span class='ocrx_word' id='word_1_73' title='bbox 175 1123 341 1206; x_wconf 79' lang='grc' dir='ltr'><strong><em>ἄλλη</em></strong></span> <span class='ocrx_word' id='word_1_74' title='bbox 389 1123 672 1206; x_wconf 82' lang='grc' dir='ltr'><strong><em>δύναμις</em></strong></span> <span class='ocrx_word' id='word_1_75' title='bbox 717 1129 810 1208; x_wconf 79' lang='grc' dir='ltr'><strong><em>τῷ</em></strong></span> <span class='ocrx_word' id='word_1_76' title='bbox 852 1129 1032 1209; x_wconf 79' lang='grc' dir='ltr'><strong><em>κακῷ</em></strong></span> <span class='ocrx_word' id='word_1_77' title='bbox 1066 1121 1467 1207; x_wconf 79' lang='grc' dir='ltr'><strong><em>ὑπερβάλλει</em></strong></span> <span class='ocrx_word' id='word_1_78' title='bbox 1504 1121 1626 1204; x_wconf 88' lang='grc' dir='ltr'><strong><em>τὴν</em></strong></span> <span class='ocrx_word' id='word_1_79' title='bbox 1660 1121 2202 1205; x_wconf 79' lang='grc' dir='ltr'><strong><em>ἡγεμονεύουσαν</em></strong></span> 
     </span>
    </p>

    <p class='ocr_par' dir='ltr' id='par_1_4' title="bbox 96 1226 2200 1421">
     <span class='ocr_line' id='line_1_11' title="bbox 96 1226 2200 1313; baseline -0 -19"><span class='ocrx_word' id='word_1_80' title='bbox 96 1248 146 1286; x_wconf 87' lang='grc'><strong><em>10</em></strong></span> <span class='ocrx_word' id='word_1_81' title='bbox 172 1229 364 1313; x_wconf 83' lang='grc' dir='ltr'><strong><em>ὕλην,</em></strong></span> <span class='ocrx_word' id='word_1_82' title='bbox 410 1228 575 1312; x_wconf 77' lang='grc' dir='ltr'><strong><em>αὕτη</em></strong></span> <span class='ocrx_word' id='word_1_83' title='bbox 615 1226 797 1293; x_wconf 87' lang='grc' dir='ltr'><strong><em>ἐστὶν</em></strong></span> <span class='ocrx_word' id='word_1_84' title='bbox 831 1226 1381 1313; x_wconf 77' lang='grc' dir='ltr'><strong><em>ἡγεμονικωτέρα,</em></strong></span> <span class='ocrx_word' id='word_1_85' title='bbox 1427 1228 1501 1292; x_wconf 92' lang='grc' dir='ltr'><strong><em>τὸ</em></strong></span> <span class='ocrx_word' id='word_1_86' title='bbox 1540 1229 1665 1313; x_wconf 80' lang='grc' dir='ltr'><strong><em>γὰρ</em></strong></span> <span class='ocrx_word' id='word_1_87' title='bbox 1703 1233 1959 1312; x_wconf 83' lang='grc' dir='ltr'><strong><em>μᾶλλον</em></strong></span> <span class='ocrx_word' id='word_1_88' title='bbox 1993 1230 2200 1294; x_wconf 91' lang='grc' dir='ltr'><strong><em>κακὸν</em></strong></span> 
     </span>
     <span class='ocr_line' id='line_1_12' title="bbox 173 1332 1412 1421; baseline -0.002 -21"><span class='ocrx_word' id='word_1_89' title='bbox 173 1344 289 1419; x_wconf 80' lang='grc' dir='ltr'><strong><em>τῆς</em></strong></span> <span class='ocrx_word' id='word_1_90' title='bbox 335 1335 538 1421; x_wconf 86' lang='grc' dir='ltr'><strong><em>ἀρχῆς</em></strong></span> <span class='ocrx_word' id='word_1_91' title='bbox 583 1344 696 1418; x_wconf 81' lang='grc' dir='ltr'><strong><em>τῆς</em></strong></span> <span class='ocrx_word' id='word_1_92' title='bbox 740 1332 879 1400; x_wconf 90' lang='grc' dir='ltr'><strong><em>κατ’</em></strong></span> <span class='ocrx_word' id='word_1_93' title='bbox 917 1334 1126 1417; x_wconf 81' lang='grc' dir='ltr'><strong><em>αὐτὴν</em></strong></span> <span class='ocrx_word' id='word_1_94' title='bbox 1170 1333 1412 1417; x_wconf 81' lang='grc' dir='ltr'><strong><em>ἡγεῖτο.</em></strong></span> 
     </span>
    </p>

    <p class='ocr_par' dir='ltr' id='par_1_5' title="bbox 171 1438 2199 1739">
     <span class='ocr_line' id='line_1_13' title="bbox 305 1438 2199 1526; baseline 0 -21"><span class='ocrx_word' id='word_1_95' title='bbox 305 1439 431 1505; x_wconf 89' lang='lat' dir='ltr'><strong><em>XII</em></strong></span> <span class='ocrx_word' id='word_1_96' title='bbox 512 1443 599 1507; x_wconf 90' lang='grc' dir='ltr'><strong><em>Τὸ</em></strong></span> <span class='ocrx_word' id='word_1_97' title='bbox 657 1438 730 1506; x_wconf 72' lang='grc' dir='ltr'><strong><em>δὲ</em></strong></span> <span class='ocrx_word' id='word_1_98' title='bbox 779 1440 1219 1526; x_wconf 64' lang='grc' dir='ltr'><strong><em>εκατέπεμψεν</em></strong></span> <span class='ocrx_word' id='word_1_99' title='bbox 1275 1441 1311 1506; x_wconf 85' lang='grc' dir='ltr'>ὁ</span> <span class='ocrx_word' id='word_1_100' title='bbox 1361 1442 1522 1517; x_wconf 89' lang='grc' dir='ltr'><strong><em>θεὸς</em></strong></span> <span class='ocrx_word' id='word_1_101' title='bbox 1578 1441 1868 1526; x_wconf 78' lang='grc' dir='ltr'><strong><em>δύναμιν</em></strong></span> <span class='ocrx_word' id='word_1_102' title='bbox 1914 1438 2021 1505; x_wconf 83' lang='grc' dir='ltr'><strong><em>ἐπὶ</em></strong></span> <span class='ocrx_word' id='word_1_103' title='bbox 2075 1442 2199 1525; x_wconf 88' lang='grc' dir='ltr'><strong><em>τὴν</em></strong></span> 
     </span>
     <span class='ocr_line' id='line_1_14' title="bbox 171 1544 2198 1632; baseline -0.001 -18"><span class='ocrx_word' id='word_1_104' title='bbox 171 1548 374 1632; x_wconf 81' lang='grc' dir='ltr'><strong><em>ὕλην’</em></strong></span> <span class='ocrx_word' id='word_1_105' title='bbox 421 1547 676 1630; x_wconf 89' lang='grc' dir='ltr'><strong><em>λέγεται</em></strong></span> <span class='ocrx_word' id='word_1_106' title='bbox 731 1544 854 1631; x_wconf 75' lang='grc' dir='ltr'><strong><em>μὲν</em></strong></span> <span class='ocrx_word' id='word_1_107' title='bbox 896 1545 1032 1631; x_wconf 86' lang='grc' dir='ltr'><strong><em>μετ’</em></strong></span> <span class='ocrx_word' id='word_1_108' title='bbox 1080 1546 1393 1631; x_wconf 82' lang='grc' dir='ltr'><strong><em>οὐδεμιᾶς</em></strong></span> <span class='ocrx_word' id='word_1_109' title='bbox 1449 1546 1871 1631; x_wconf 82' lang='grc' dir='ltr'><strong><em>ἀποδείξεως,</em></strong></span> <span class='ocrx_word' id='word_1_110' title='bbox 1926 1550 2067 1612; x_wconf 79' lang='grc' dir='ltr'><strong><em>ἔστι</em></strong></span> <span class='ocrx_word' id='word_1_111' title='bbox 2122 1544 2198 1612; x_wconf 70' lang='grc' dir='ltr'><strong><em>δὲ</em></strong></span> 
     </span>
     <span class='ocr_line' id='line_1_15' title="bbox 173 1649 2196 1739; baseline -0 -20"><span class='ocrx_word' id='word_1_112' title='bbox 173 1655 469 1721; x_wconf 89' lang='grc' dir='ltr'><strong><em>πιθανὸν</em></strong></span> <span class='ocrx_word' id='word_1_113' title='bbox 533 1652 676 1720; x_wconf 81' lang='grc' dir='ltr'><strong><em>οὐδ’</em></strong></span> <span class='ocrx_word' id='word_1_114' title='bbox 732 1653 1136 1737; x_wconf 82' lang='grc' dir='ltr'><strong><em>ὁπωστιοῦν,</em></strong></span> <span class='ocrx_word' id='word_1_115' title='bbox 1198 1654 1323 1739; x_wconf 88' lang='grc' dir='ltr'><strong><em>χρὴ</em></strong></span> <span class='ocrx_word' id='word_1_116' title='bbox 1388 1649 1463 1718; x_wconf 75' lang='grc' dir='ltr'><strong><em>δὲ</em></strong></span> <span class='ocrx_word' id='word_1_117' title='bbox 1537 1653 1779 1738; x_wconf 88' lang='grc' dir='ltr'><strong><em>ὁμοίως</em></strong></span> <span class='ocrx_word' id='word_1_118' title='bbox 1850 1652 1960 1718; x_wconf 86' lang='grc' dir='ltr'><strong><em>καὶ</em></strong></span> <span class='ocrx_word' id='word_1_119' title='bbox 2034 1653 2196 1718; x_wconf 86' lang='grc' dir='ltr'><strong><em>αὐτὸ</em></strong></span> 
     </span>
    </p>

    <p class='ocr_par' dir='ltr' id='par_1_6' title="bbox 15 1756 2200 2273">
     <span class='ocr_line' id='line_1_16' title="bbox 96 1756 2200 1846; baseline -0 -20"><span class='ocrx_word' id='word_1_120' title='bbox 96 1778 147 1817; x_wconf 85' lang='lat'><strong><em>15</em></strong></span> <span class='ocrx_word' id='word_1_121' title='bbox 173 1772 399 1846; x_wconf 83' lang='grc' dir='ltr'><strong><em>τυχεῖν</em></strong></span> <span class='ocrx_word' id='word_1_122' title='bbox 443 1772 577 1826; x_wconf 82' lang='grc' dir='ltr'><strong><em>τῶν</em></strong></span> <span class='ocrx_word' id='word_1_123' title='bbox 623 1762 887 1825; x_wconf 82' lang='grc' dir='ltr'><strong><em>οἰκείων</em></strong></span> <span class='ocrx_word' id='word_1_124' title='bbox 932 1762 1167 1841; x_wconf 88' lang='grc' dir='ltr'><strong><em>λόγων.</em></strong></span> <span class='ocrx_word' id='word_1_125' title='bbox 1230 1761 1306 1824; x_wconf 92' lang='grc' dir='ltr'><strong><em>τὸ</em></strong></span> <span class='ocrx_word' id='word_1_126' title='bbox 1351 1756 1476 1844; x_wconf 72' lang='grc' dir='ltr'><strong><em>μὲν</em></strong></span> <span class='ocrx_word' id='word_1_127' title='bbox 1520 1762 1646 1845; x_wconf 79' lang='grc' dir='ltr'><strong><em>γὰρ</em></strong></span> <span class='ocrx_word' id='word_1_128' title='bbox 1693 1766 1910 1825; x_wconf 76' lang='grc' dir='ltr'><strong><em>αἴτιον</em></strong></span> <span class='ocrx_word' id='word_1_129' title='bbox 1955 1761 2200 1825; x_wconf 85' lang='grc' dir='ltr'><strong><em>τούτου</em></strong></span> 
     </span>
     <span class='ocr_line' id='line_1_17' title="bbox 15 1858 2199 1954; baseline -0.001 -21"><span class='ocrx_word' id='word_1_130' title='bbox 15 1877 152 1934; x_wconf 78' lang='grc'><strong><em>,110</em></strong></span> <span class='ocrx_word' id='word_1_131' title='bbox 175 1867 387 1934; x_wconf 86' lang='grc' dir='ltr'><strong><em>έκεῖνο</em></strong></span> <span class='ocrx_word' id='word_1_132' title='bbox 443 1863 622 1933; x_wconf 83' lang='grc' dir='ltr'><strong><em>εἷναί</em></strong></span> <span class='ocrx_word' id='word_1_133' title='bbox 671 1882 903 1952; x_wconf 83' lang='grc' dir='ltr'><strong><em>φασιν·</em></strong></span> <span class='ocrx_word' id='word_1_134' title='bbox 961 1866 1169 1943; x_wconf 52' lang='grc' dir='ltr'><strong><em>(ὅπως</em></strong></span> <span class='ocrx_word' id='word_1_135' title='bbox 1214 1862 1424 1952; x_wconf 73' lang='grc' dir='ltr'><strong><em>μηδὲν</em></strong></span> <span class='ocrx_word' id='word_1_136' title='bbox 1469 1863 1592 1952; x_wconf 72' lang='grc' dir='ltr'><strong><em>μὲν</em></strong></span> <span class='ocrx_word' id='word_1_137' title='bbox 1634 1858 1678 1954; x_wconf 80' lang='grc' dir='ltr'><em>ᾗ</em></span> <span class='ocrx_word' id='word_1_138' title='bbox 1722 1868 1928 1933; x_wconf 88' lang='grc' dir='ltr'><strong><em>κακὸν</em></strong></span> <span class='ocrx_word' id='word_1_139' title='bbox 1975 1866 2199 1949; x_wconf 77' lang='grc' dir='ltr'><strong><em>ἀγαθὰ</em></strong></span> 
     </span>
     <span class='ocr_line' id='line_1_18' title="bbox 171 1972 2199 2060; baseline -0.001 -20"><span class='ocrx_word' id='word_1_140' title='bbox 171 1972 245 2040; x_wconf 72' lang='grc' dir='ltr'><strong><em>δὲ</em></strong></span> <span class='ocrx_word' id='word_1_141' title='bbox 298 1976 542 2057; x_wconf 92' lang='grc' dir='ltr'><strong><em>πάντα,</em></strong></span> <span class='ocrx_word' id='word_1_142' title='bbox 607 1975 741 2039; x_wconf 81' lang='grc' dir='ltr'><strong><em>ἔδει</em></strong></span> <span class='ocrx_word' id='word_1_143' title='bbox 795 1980 1118 2057; x_wconf 81' lang='grc' dir='ltr'><strong><em>μιχθῆναι</em></strong></span> <span class='ocrx_word' id='word_1_144' title='bbox 1178 1973 1301 2056; x_wconf 85' lang='grc' dir='ltr'><strong><em>τὴν</em></strong></span> <span class='ocrx_word' id='word_1_145' title='bbox 1360 1974 1650 2058; x_wconf 81' lang='grc' dir='ltr'><strong><em>δύναμιν</em></strong></span> <span class='ocrx_word' id='word_1_146' title='bbox 1709 1983 1786 2060; x_wconf 76' lang='grc' dir='ltr'><strong><em>τῇ</em></strong></span> <span class='ocrx_word' id='word_1_147' title='bbox 1845 1974 1973 2060; x_wconf 77' lang='grc' dir='ltr'><strong><em>ὕλῃ</em></strong></span> <span class='ocrx_word' id='word_1_148' title='bbox 2033 1976 2199 2039; x_wconf 79' lang='grc' dir='ltr'><strong><em>κατὰ</em></strong></span> 
     </span>
     <span class='ocr_line' id='line_1_19' title="bbox 171 2079 2200 2168; baseline 0 -22"><span class='ocrx_word' id='word_1_149' title='bbox 171 2084 328 2158; x_wconf 88' lang='grc' dir='ltr'><strong><em>τοὺς</em></strong></span> <span class='ocrx_word' id='word_1_150' title='bbox 383 2080 677 2164; x_wconf 79' lang='grc' dir='ltr'><strong><em>ἀθλητὰς</em></strong></span> <span class='ocrx_word' id='word_1_151' title='bbox 730 2082 888 2156; x_wconf 86' lang='grc' dir='ltr'><strong><em>τοὺς</em></strong></span> <span class='ocrx_word' id='word_1_152' title='bbox 944 2079 1018 2145; x_wconf 82' lang='grc' dir='ltr'><strong><em>ἐν</em></strong></span> <span class='ocrx_word' id='word_1_153' title='bbox 1070 2088 1163 2168; x_wconf 76' lang='grc' dir='ltr'><strong><em>τῷ</em></strong></span> <span class='ocrx_word' id='word_1_154' title='bbox 1220 2080 1715 2166; x_wconf 85' lang='grc' dir='ltr'><strong><em>συμπλέκεσθαι</em></strong></span> <span class='ocrx_word' id='word_1_155' title='bbox 1763 2085 2200 2163; x_wconf 83' lang='grc' dir='ltr'><strong><em>καταγωνιζο-</em></strong></span> 
     </span>
     <span class='ocr_line' id='line_1_20' title="bbox 171 2186 2200 2273; baseline -0 -20"><span class='ocrx_word' id='word_1_156' title='bbox 171 2187 412 2273; x_wconf 91' lang='grc' dir='ltr'><strong><em>μένους</em></strong></span> <span class='ocrx_word' id='word_1_157' title='bbox 474 2189 631 2264; x_wconf 89' lang='grc' dir='ltr'><strong><em>τοὺς</em></strong></span> <span class='ocrx_word' id='word_1_158' title='bbox 695 2186 1126 2271; x_wconf 86' lang='grc' dir='ltr'><strong><em>ἀντιπάλους,</em></strong></span> <span class='ocrx_word' id='word_1_159' title='bbox 1191 2188 1303 2251; x_wconf 80' lang='grc' dir='ltr'><strong><em>ἵνα</em></strong></span> <span class='ocrx_word' id='word_1_160' title='bbox 1366 2190 1743 2273; x_wconf 76' lang='grc' dir='ltr'><strong><em>κρατήσασα</em></strong></span> <span class='ocrx_word' id='word_1_161' title='bbox 1806 2197 1926 2253; x_wconf 90' lang='grc' dir='ltr'><strong><em>τοῦ</em></strong></span> <span class='ocrx_word' id='word_1_162' title='bbox 1988 2198 2200 2252; x_wconf 88' lang='grc' dir='ltr'><strong><em>κακοῦ</em></strong></span> 
     </span>
    </p>

    <p class='ocr_par' dir='ltr' id='par_1_7' title="bbox 23 2288 2201 2806">
     <span class='ocr_line' id='line_1_21' title="bbox 94 2288 2200 2380; baseline 0.003 -27"><span class='ocrx_word' id='word_1_163' title='bbox 94 2313 144 2353; x_wconf 74' lang='lat'><strong><em>20</em></strong></span> <span class='ocrx_word' id='word_1_164' title='bbox 172 2296 390 2380; x_wconf 79' lang='grc' dir='ltr'><strong><em>παύσῃ</em></strong></span> <span class='ocrx_word' id='word_1_165' title='bbox 437 2294 599 2359; x_wconf 86' lang='grc' dir='ltr'><strong><em>αὐτὸ</em></strong></span> <span class='ocrx_word' id='word_1_166' title='bbox 644 2303 765 2359; x_wconf 93' lang='grc' dir='ltr'><strong><em>τοῦ</em></strong></span> <span class='ocrx_word' id='word_1_167' title='bbox 812 2288 1024 2358; x_wconf 82' lang='grc' dir='ltr'><strong><em>εἷναι.’</em></strong></span> <span class='ocrx_word' id='word_1_168' title='bbox 1087 2296 1262 2359; x_wconf 86' lang='grc' dir='ltr'><strong><em>πολὺ</em></strong></span> <span class='ocrx_word' id='word_1_169' title='bbox 1309 2290 1384 2359; x_wconf 70' lang='grc' dir='ltr'><strong><em>δὲ</em></strong></span> <span class='ocrx_word' id='word_1_170' title='bbox 1429 2288 1612 2380; x_wconf 84' lang='grc' dir='ltr'><strong><em>οἶμαι</em></strong></span> <span class='ocrx_word' id='word_1_171' title='bbox 1653 2298 2052 2380; x_wconf 87' lang='grc' dir='ltr'><strong><em>σεμνότερον</em></strong></span> <span class='ocrx_word' id='word_1_172' title='bbox 2086 2293 2200 2359; x_wconf 85' lang='grc' dir='ltr'><strong><em>καὶ</em></strong></span> 
     </span>
     <span class='ocr_line' id='line_1_22' title="bbox 171 2399 2201 2486; baseline 0 -21"><span class='ocrx_word' id='word_1_173' title='bbox 171 2410 286 2485; x_wconf 79' lang='grc' dir='ltr'><strong><em>τῆς</em></strong></span> <span class='ocrx_word' id='word_1_174' title='bbox 331 2410 450 2466; x_wconf 91' lang='grc' dir='ltr'><strong><em>τοῦ</em></strong></span> <span class='ocrx_word' id='word_1_175' title='bbox 496 2407 664 2466; x_wconf 88' lang='grc' dir='ltr'><strong><em>θεοῦ</em></strong></span> <span class='ocrx_word' id='word_1_176' title='bbox 710 2399 1038 2485; x_wconf 80' lang='grc' dir='ltr'><strong><em>ὑπεροχῆς</em></strong></span> <span class='ocrx_word' id='word_1_177' title='bbox 1088 2399 1359 2479; x_wconf 82' lang='grc' dir='ltr'><strong><em>ἐπάξιον</em></strong></span> <span class='ocrx_word' id='word_1_178' title='bbox 1403 2401 1478 2466; x_wconf 91' lang='grc' dir='ltr'><strong><em>τὸ</em></strong></span> <span class='ocrx_word' id='word_1_179' title='bbox 1525 2400 1694 2485; x_wconf 87' lang='grc' dir='ltr'><strong><em>ὁμοῦ</em></strong></span> <span class='ocrx_word' id='word_1_180' title='bbox 1739 2405 2017 2486; x_wconf 90' lang='grc' dir='ltr'><strong><em>νοήματι</em></strong></span> <span class='ocrx_word' id='word_1_181' title='bbox 2063 2413 2201 2466; x_wconf 82' lang='grc' dir='ltr'><strong><em>τῶν</em></strong></span> 
     </span>
     <span class='ocr_line' id='line_1_23' title="bbox 172 2503 2198 2593; baseline 0 -21"><span class='ocrx_word' id='word_1_182' title='bbox 172 2510 388 2573; x_wconf 80' lang='grc' dir='ltr'><strong><em>ὄντων</em></strong></span> <span class='ocrx_word' id='word_1_183' title='bbox 434 2507 756 2591; x_wconf 85' lang='grc' dir='ltr'><strong><em>ἀφανίσαι</em></strong></span> <span class='ocrx_word' id='word_1_184' title='bbox 801 2507 924 2589; x_wconf 83' lang='grc' dir='ltr'><strong><em>τὴν</em></strong></span> <span class='ocrx_word' id='word_1_185' title='bbox 967 2506 1155 2590; x_wconf 78' lang='grc' dir='ltr'><strong><em>ὕλην.</em></strong></span> <span class='ocrx_word' id='word_1_186' title='bbox 1219 2506 1363 2573; x_wconf 81' lang='grc' dir='ltr'><strong><em>ἀλλ’</em></strong></span> <span class='ocrx_word' id='word_1_187' title='bbox 1400 2503 1582 2593; x_wconf 80' lang='grc' dir='ltr'><strong><em>οἶμαι</em></strong></span> <span class='ocrx_word' id='word_1_188' title='bbox 1628 2518 1826 2574; x_wconf 91' lang='grc' dir='ltr'><strong><em>τοῦτο</em></strong></span> <span class='ocrx_word' id='word_1_189' title='bbox 1873 2508 1996 2574; x_wconf 87' lang='grc' dir='ltr'><strong><em>οὐκ</em></strong></span> <span class='ocrx_word' id='word_1_190' title='bbox 2041 2507 2198 2573; x_wconf 88' lang='grc' dir='ltr'><strong><em>ἀπε-</em></strong></span> 
     </span>
     <span class='ocr_line' id='line_1_24' title="bbox 23 2611 2200 2700; baseline -0.002 -17"><span class='ocrx_word' id='word_1_191' title='bbox 23 2631 150 2684; x_wconf 82' lang='grc'><strong>.185</strong></span> <span class='ocrx_word' id='word_1_192' title='bbox 171 2611 443 2692; x_wconf 79' lang='grc' dir='ltr'><strong><em>δέξαντο</em></strong></span> <span class='ocrx_word' id='word_1_193' title='bbox 504 2614 616 2678; x_wconf 81' lang='grc' dir='ltr'><strong><em>διὰ</em></strong></span> <span class='ocrx_word' id='word_1_194' title='bbox 673 2613 747 2678; x_wconf 88' lang='grc' dir='ltr'><strong><em>τὸ</em></strong></span> <span class='ocrx_word' id='word_1_195' title='bbox 808 2611 918 2678; x_wconf 86' lang='grc' dir='ltr'><strong><em>καὶ</em></strong></span> <span class='ocrx_word' id='word_1_196' title='bbox 973 2611 980 2700; x_wconf 84' lang='grc' dir='ltr'>Ι</span> <span class='ocrx_word' id='word_1_197' title='bbox 1034 2623 1164 2679; x_wconf 94' lang='grc' dir='ltr'><strong><em>νῦν</em></strong></span> <span class='ocrx_word' id='word_1_198' title='bbox 1220 2617 1428 2680; x_wconf 89' lang='grc' dir='ltr'><strong><em>κακόν</em></strong></span> <span class='ocrx_word' id='word_1_199' title='bbox 1481 2638 1545 2678; x_wconf 90' lang='grc' dir='ltr'><strong><em>τι</em></strong></span> <span class='ocrx_word' id='word_1_200' title='bbox 1598 2614 1942 2700; x_wconf 83' lang='grc' dir='ltr'><strong><em>ὑπάρχειν,</em></strong></span> <span class='ocrx_word' id='word_1_201' title='bbox 1990 2613 2025 2679; x_wconf 87' lang='grc' dir='ltr'><strong><em>ὃ</em></strong></span> <span class='ocrx_word' id='word_1_202' title='bbox 2072 2616 2200 2698; x_wconf 81' lang='grc' dir='ltr'><strong><em>τὴν</em></strong></span> 
     </span>
     <span class='ocr_line' id='line_1_25' title="bbox 170 2715 2198 2806; baseline 0.001 -22"><span class='ocrx_word' id='word_1_203' title='bbox 170 2720 341 2804; x_wconf 81' lang='grc' dir='ltr'><strong><em>ῦλην</em></strong></span> <span class='ocrx_word' id='word_1_204' title='bbox 405 2715 583 2785; x_wconf 86' lang='grc' dir='ltr'><strong><em>εἷναί</em></strong></span> <span class='ocrx_word' id='word_1_205' title='bbox 639 2736 864 2804; x_wconf 86' lang='grc' dir='ltr'><strong><em>φασιν.</em></strong></span> <span class='ocrx_word' id='word_1_206' title='bbox 963 2722 1043 2784; x_wconf 82' lang='grc' dir='ltr'><strong><em>τὰ</em></strong></span> <span class='ocrx_word' id='word_1_207' title='bbox 1104 2722 1454 2806; x_wconf 87' lang='grc' dir='ltr'><strong><em>πράγματα</em></strong></span> <span class='ocrx_word' id='word_1_208' title='bbox 1519 2717 1592 2784; x_wconf 75' lang='grc' dir='ltr'><strong><em>δὲ</em></strong></span> <span class='ocrx_word' id='word_1_209' title='bbox 1667 2717 1868 2786; x_wconf 76' lang='grc' dir='ltr'><strong><em>οὐδὲν</em></strong></span> <span class='ocrx_word' id='word_1_210' title='bbox 1939 2726 2198 2806; x_wconf 81' lang='grc' dir='ltr'><strong><em>μᾶλλον</em></strong></span> 
     </span>
    </p>

    <p class='ocr_par' dir='ltr' id='par_1_8' title="bbox 92 2826 2203 3125">
     <span class='ocr_line' id='line_1_26' title="bbox 92 2826 2195 2911; baseline 0.003 -26"><span class='ocrx_word' id='word_1_211' title='bbox 92 2846 143 2886; x_wconf 79' lang='lat'><strong><em>25</em></strong></span> <span class='ocrx_word' id='word_1_212' title='bbox 173 2827 491 2891; x_wconf 76' lang='grc' dir='ltr'><strong><em>δύνανται</em></strong></span> <span class='ocrx_word' id='word_1_213' title='bbox 553 2826 942 2891; x_wconf 87' lang='grc' dir='ltr'><strong><em>παύσασθαι</em></strong></span> <span class='ocrx_word' id='word_1_214' title='bbox 1007 2827 1168 2891; x_wconf 78' lang='grc' dir='ltr'><strong><em>ὄντα</em></strong></span> <span class='ocrx_word' id='word_1_215' title='bbox 1230 2835 1533 2911; x_wconf 90' lang='grc' dir='ltr'><strong><em>τοιαῦτα,</em></strong></span> <span class='ocrx_word' id='word_1_216' title='bbox 1602 2828 1714 2891; x_wconf 81' lang='grc' dir='ltr'><strong><em>ἵνα</em></strong></span> <span class='ocrx_word' id='word_1_217' title='bbox 1785 2851 1885 2902; x_wconf 85' lang='grc' dir='ltr'><strong><em>τις</em></strong></span> <span class='ocrx_word' id='word_1_218' title='bbox 1957 2829 2031 2893; x_wconf 93' lang='grc' dir='ltr'><strong><em>τὸ</em></strong></span> <span class='ocrx_word' id='word_1_219' title='bbox 2104 2828 2195 2911; x_wconf 89' lang='grc' dir='ltr'><strong><em>μὴ</em></strong></span> 
     </span>
     <span class='ocr_line' id='line_1_27' title="bbox 170 2933 2203 3019; baseline 0 -22"><span class='ocrx_word' id='word_1_220' title='bbox 170 2934 697 3017; x_wconf 87' lang='grc' dir='ltr'><strong><em>μεταβάλλεσθαι</em></strong></span> <span class='ocrx_word' id='word_1_221' title='bbox 744 2935 838 3009; x_wconf 80' lang='grc' dir='ltr'><strong><em>εἰς</em></strong></span> <span class='ocrx_word' id='word_1_222' title='bbox 882 2935 962 2996; x_wconf 82' lang='grc' dir='ltr'><strong><em>τὰ</em></strong></span> <span class='ocrx_word' id='word_1_223' title='bbox 1007 2937 1204 3019; x_wconf 90' lang='grc' dir='ltr'><strong><em>χείρω</em></strong></span> <span class='ocrx_word' id='word_1_224' title='bbox 1252 2935 1398 2997; x_wconf 83' lang='grc' dir='ltr'><strong><em>ἔνια</em></strong></span> <span class='ocrx_word' id='word_1_225' title='bbox 1454 2935 1873 3019; x_wconf 79' lang='grc' dir='ltr'><strong><em>συγχωρήσῃ·</em></strong></span> <span class='ocrx_word' id='word_1_226' title='bbox 1929 2935 2064 2998; x_wconf 80' lang='grc' dir='ltr'><strong><em>ἔδει</em></strong></span> <span class='ocrx_word' id='word_1_227' title='bbox 2120 2933 2203 2997; x_wconf 76' lang='grc' dir='ltr'><strong><em>δέ</em></strong></span> 
     </span>
     <span class='ocr_line' id='line_1_28' title="bbox 170 3038 2198 3125; baseline 0 -20"><span class='ocrx_word' id='word_1_228' title='bbox 170 3064 320 3105; x_wconf 89' lang='grc' dir='ltr'><strong><em>τινα</em></strong></span> <span class='ocrx_word' id='word_1_229' title='bbox 377 3046 696 3123; x_wconf 82' lang='grc' dir='ltr'><strong><em>αἴσθησιν</em></strong></span> <span class='ocrx_word' id='word_1_230' title='bbox 755 3038 1068 3122; x_wconf 86' lang='grc' dir='ltr'><strong><em>γενέσθαι</em></strong></span> <span class='ocrx_word' id='word_1_231' title='bbox 1114 3039 1379 3123; x_wconf 90' lang='grc' dir='ltr'><strong><em>τούτου,</em></strong></span> <span class='ocrx_word' id='word_1_232' title='bbox 1426 3039 1529 3104; x_wconf 81' lang='grc' dir='ltr'><strong><em>ὅτι</em></strong></span> <span class='ocrx_word' id='word_1_233' title='bbox 1573 3043 1851 3125; x_wconf 87' lang='grc' dir='ltr'><strong><em>μετρίως</em></strong></span> <span class='ocrx_word' id='word_1_234' title='bbox 1896 3039 2198 3123; x_wconf 81' lang='grc' dir='ltr'><strong><em>ὁπωσδή-</em></strong></span> 
     </span>
    </p>
   </div>
   <div class='ocr_carea' id='block_1_3' title="bbox 170 3186 595 3193">
    <p class='ocr_par' dir='ltr' id='par_1_9' title="bbox 170 3186 595 3193">
     <span class='ocr_line' id='line_1_29' title="bbox 170 3186 595 3193; baseline 0 607"><span class='ocrx_word' id='word_1_235' title='bbox 170 3186 595 3193; x_wconf 95' lang='lat' dir='ltr'><strong><em> </em></strong></span> 
     </span>
    </p>
   </div>
   <div class='ocr_carea' id='block_1_4' title="bbox 173 3263 2194 3407">
    <p class='ocr_par' dir='ltr' id='par_1_10' title="bbox 173 3263 2194 3407">
     <span class='ocr_line' id='line_1_30' title="bbox 313 3263 2194 3343; baseline 0.002 -23"><span class='ocrx_word' id='word_1_236' title='bbox 313 3272 347 3319; x_wconf 84' lang='grc'>4</span> <span class='ocrx_word' id='word_1_237' title='bbox 383 3266 607 3329; x_wconf 83' lang='grc' dir='ltr'><strong><em>πάντως</em></strong></span> <span class='ocrx_word' id='word_1_238' title='bbox 641 3287 698 3322; x_wconf 88' lang='grc' dir='ltr'><strong><em>τε</em></strong></span> <span class='ocrx_word' id='word_1_239' title='bbox 744 3267 802 3321; x_wconf 86' lang='grc' dir='ltr'>Μ</span> <span class='ocrx_word' id='word_1_240' title='bbox 1035 3267 1073 3322; x_wconf 89' lang='lat' dir='ltr'><strong><em>f.</em></strong></span> <span class='ocrx_word' id='word_1_241' title='bbox 1121 3269 1295 3343; x_wconf 79' lang='grc' dir='ltr'><strong><em>κακίᾳ</em></strong></span> <span class='ocrx_word' id='word_1_242' title='bbox 1341 3263 1600 3331; x_wconf 80' lang='grc' dir='ltr'><strong><em>ἐλάττους</em></strong></span> <span class='ocrx_word' id='word_1_243' title='bbox 1830 3273 1863 3322; x_wconf 84' lang='grc'>5</span> <span class='ocrx_word' id='word_1_244' title='bbox 1901 3270 2070 3323; x_wconf 73' lang='grc' dir='ltr'><strong><em>αὗται</em></strong></span> <span class='ocrx_word' id='word_1_245' title='bbox 2106 3268 2194 3325; x_wconf 83' lang='lat' dir='ltr'><strong><em>M:</em></strong></span> 
     </span>
     <span class='ocr_line' id='line_1_31' title="bbox 173 3337 2077 3407; baseline 0.003 -18"><span class='ocrx_word' id='word_1_246' title='bbox 173 3353 309 3392; x_wconf 83' lang='lat' dir='ltr'>corr.</span> <span class='ocrx_word' id='word_1_247' title='bbox 348 3337 405 3407; x_wconf 85' lang='lat' dir='ltr'><strong><em>C,</em></strong></span> <span class='ocrx_word' id='word_1_248' title='bbox 442 3355 516 3392; x_wconf 84' lang='lat' dir='ltr'><strong><em>an</em></strong></span> <span class='ocrx_word' id='word_1_249' title='bbox 551 3344 839 3393; x_wconf 69' lang='grc' dir='ltr'><strong><em>τοιαῦταιῖ</em></strong></span> <span class='ocrx_word' id='word_1_250' title='bbox 984 3343 1048 3393; x_wconf 91' lang='grc'><strong><em>16</em></strong></span> <span class='ocrx_word' id='word_1_251' title='bbox 1085 3338 1121 3406; x_wconf 83' lang='grc' dir='ltr'>ἠ</span> <span class='ocrx_word' id='word_1_252' title='bbox 1159 3339 1242 3394; x_wconf 86' lang='lat' dir='ltr'><strong><em>M:</em></strong></span> <span class='ocrx_word' id='word_1_253' title='bbox 1283 3356 1419 3393; x_wconf 71' lang='lat' dir='ltr'>cort.</span> <span class='ocrx_word' id='word_1_254' title='bbox 1461 3338 1501 3394; x_wconf 85' lang='lat' dir='ltr'>C</span> <span class='ocrx_word' id='word_1_255' title='bbox 1654 3344 1722 3393; x_wconf 82' lang='lat'><strong><em>25</em></strong></span> <span class='ocrx_word' id='word_1_256' title='bbox 1759 3339 1798 3395; x_wconf 90' lang='lat' dir='ltr'><strong><em>f.</em></strong></span> <span class='ocrx_word' id='word_1_257' title='bbox 1837 3339 2077 3395; x_wconf 80' lang='grc' dir='ltr'><strong><em>δύναται</em></strong></span> 
     </span>
    </p>
   </div>
   <div class='ocr_carea' id='block_1_5' title="bbox 171 3407 2192 3537">
    <p class='ocr_par' dir='ltr' id='par_1_11' title="bbox 171 3407 2192 3537">
     <span class='ocr_line' id='line_1_32' title="bbox 175 3407 2192 3480; baseline 0.003 -22"><span class='ocrx_word' id='word_1_258' title='bbox 175 3408 268 3460; x_wconf 78' lang='grc' dir='ltr'><strong><em>ἵνα</em></strong></span> <span class='ocrx_word' id='word_1_259' title='bbox 315 3407 351 3461; x_wconf 90' lang='lat' dir='ltr'><strong><em>i.</em></strong></span> <span class='ocrx_word' id='word_1_260' title='bbox 382 3426 434 3476; x_wconf 89' lang='lat' dir='ltr'><strong><em>q.</em></strong></span> <span class='ocrx_word' id='word_1_261' title='bbox 481 3412 545 3462; x_wconf 74' lang='lat' dir='ltr'><strong><em>ut</em></strong></span> <span class='ocrx_word' id='word_1_262' title='bbox 587 3416 780 3479; x_wconf 74' lang='lat' dir='ltr'><strong><em>qesetzt</em></strong></span> <span class='ocrx_word' id='word_1_263' title='bbox 833 3412 987 3478; x_wconf 72' lang='lat' dir='ltr'><strong><em>dass,</em></strong></span> <span class='ocrx_word' id='word_1_264' title='bbox 1039 3412 1199 3466; x_wconf 81' lang='lat' dir='ltr'><em>selbst</em></span> <span class='ocrx_word' id='word_1_265' title='bbox 1247 3429 1421 3480; x_wconf 76' lang='lat' dir='ltr'><strong><em>wenn,</em></strong></span> <span class='ocrx_word' id='word_1_266' title='bbox 1477 3410 1545 3466; x_wconf 80' lang='lat' dir='ltr'><strong><em>cf.</em></strong></span> <span class='ocrx_word' id='word_1_267' title='bbox 1587 3409 1739 3480; x_wconf 84' lang='lat' dir='ltr'>Orig.</span> <span class='ocrx_word' id='word_1_268' title='bbox 1779 3427 1824 3467; x_wconf 83' lang='grc' dir='ltr'><strong><em>ο.</em></strong></span> <span class='ocrx_word' id='word_1_269' title='bbox 1864 3410 2006 3466; x_wconf 76' lang='lat' dir='ltr'>Cels,</span> <span class='ocrx_word' id='word_1_270' title='bbox 2043 3412 2070 3465; x_wconf 97' lang='lat' dir='ltr'>I</span> <span class='ocrx_word' id='word_1_271' title='bbox 2107 3416 2192 3466; x_wconf 82' lang='lat'><strong><em>21.</em></strong></span> 
     </span>
     <span class='ocr_line' id='line_1_33' title="bbox 171 3476 1401 3537; baseline 0.007 -10"><span class='ocrx_word' id='word_1_272' title='bbox 171 3476 249 3528; x_wconf 82' lang='lat'><strong><em>111</em></strong></span> <span class='ocrx_word' id='word_1_273' title='bbox 290 3482 371 3530; x_wconf 79' lang='lat'><strong><em>25.</em></strong></span> <span class='ocrx_word' id='word_1_274' title='bbox 404 3484 468 3532; x_wconf 84' lang='lat'><strong><em>31</em></strong></span> <span class='ocrx_word' id='word_1_275' title='bbox 500 3479 572 3532; x_wconf 78' lang='lat' dir='ltr'><strong><em>al.</em></strong></span> <span class='ocrx_word' id='word_1_276' title='bbox 610 3479 812 3534; x_wconf 84' lang='lat' dir='ltr'><strong>Euseb.</strong></span> <span class='ocrx_word' id='word_1_277' title='bbox 851 3497 897 3535; x_wconf 82' lang='lat'><strong><em>0.</em></strong></span> <span class='ocrx_word' id='word_1_278' title='bbox 934 3480 1174 3536; x_wconf 83' lang='lat' dir='ltr'>Hieroel.</span> <span class='ocrx_word' id='word_1_279' title='bbox 1208 3486 1292 3537; x_wconf 90' lang='lat'><strong><em>11.</em></strong></span> <span class='ocrx_word' id='word_1_280' title='bbox 1332 3487 1401 3536; x_wconf 82' lang='lat'><strong><em>35</em></strong></span> 
     </span>
    </p>
   </div>
  </div>
 </body>
</html>
