2484 3800
181 163 268 227 22
652 164 1146 225 ΑΛΕΞΑΝΔΡΟΤ
1180 164 1734 218 ΑΤΚΟΠΟΑῙΤΟΤ

177 328 399 392 αἰτίαν
458 329 617 405 τοὺς
680 325 804 412 μὲν
868 328 1276 412 ὠφελεῖσθαι
1340 329 1498 404 τοὺς
1562 324 1636 392 δὲ
1697 325 1808 392 καὶ
1875 326 2213 412 ἀβούλητά

175 457 327 499 τινα
371 433 734 518 ὑπομένειν
770 439 1132 521 συμβαίνῃ;
1178 434 1495 519 ἀπείρους
1539 432 1594 497 τ’
1632 433 1754 499 οὐκ
1802 433 2001 520 ἐχρῆν
2037 428 2209 499 εἶναι

175 548 292 623 τῆς
337 552 471 605 τῶν
519 540 971 627 ἐνδεχομένων
1008 542 1273 625 φύσεως
1316 538 1427 605 καὶ
1472 549 1587 623 τῆς
1631 552 1767 606 τῶν
1808 539 2208 624 ἀναγκαίων,

175 645 348 712 οὕτω
395 648 522 733 γάρ
570 647 692 712 οὐκ
738 647 824 713 ἂν
867 649 948 712 τά
992 656 1268 712 τοιαῦτα
1315 646 1794 731 ἐτερατεύοντο.

121 773 147 811 5
306 752 431 817 XV
504 757 741 819 Πόθεν
795 748 921 819 οὖν
973 752 1183 836 ἡδονὴ
1241 751 1351 818 καὶ
1409 752 1759 838 ἐπιθυμίας
1815 763 2021 818 ταῦτα
2077 755 2206 839 γάρ

172 859 458 943 μάλιστα
511 861 679 924 κακά
734 854 905 924 εἶναι
961 857 1306 943 λέγουσιν,
1368 857 1479 923 καὶ
1541 858 1626 924 δι’
1675 858 1715 924 ἃ
1768 861 2210 944 μεμισήκασιν

170 965 296 1048 τὴν
338 964 531 1049 ὕλην,
578 964 700 1050 οὐχ
746 964 937 1052 ἕτερα
980 966 1237 1050 μᾶλλόν
1286 963 1481 1030 ἐστιν.
1574 966 1676 1030 ὅτι
1721 961 1845 1050 μὲν
1890 961 2016 1031 οὖν
2064 965 2204 1051 [οὐ]

171 1069 323 1158 περὶ
382 1073 463 1136 τά
524 1073 879 1155 αἰσθητικά
938 1083 1074 1136 τῶν
1132 1070 1318 1160 ζῴων
1371 1075 1583 1156 μόνον
1638 1069 1775 1136 ἐστὶ
1834 1081 2042 1136 ταῦτα
2094 1071 2206 1137 καὶ

172 1174 375 1243 οὐδὲν
420 1176 650 1263 ἕτερον
696 1177 1251 1262 ἀντιλαμβάνεται
1308 1177 1667 1262 ἐπιθυμίας
1715 1176 1825 1243 καὶ
1871 1178 2116 1262 ἡδονῆς
2162 1178 2204 1263 ἢ

92 1306 143 1345 10
169 1286 250 1349 τά
296 1286 771 1370 αἰσθανόμενα,
819 1286 1132 1371 φανερόν.
1204 1288 1365 1349 ποία
1420 1287 1546 1371 γάρ
1601 1290 1912 1368 αἴσθησις
1956 1284 2205 1369 ἡδονῆς

169 1389 279 1455 καὶ
335 1391 548 1475 λύπης
603 1399 822 1479 φυτῷ,
877 1396 1036 1456 ποία
1092 1388 1166 1456 δὲ
1222 1401 1306 1476 γῆ
1365 1390 1494 1475 <ἢ>
1548 1391 1744 1456 ὕδατι
1800 1391 1840 1474 ἢ
1897 1390 2071 1478 ἀέρι;
2138 1394 2204 1457 οἱ

171 1497 483 1582 δαίμονές
517 1522 588 1563 τε
616 1537 704 1543 —-
731 1504 913 1583 εἴπερ
964 1496 1135 1563 εἰσὶν
1176 1500 1534 1581 αἰσθητικά
1581 1501 1710 1585 ζῷα
1738 1536 1822 1543 -
1854 1499 1968 1562 διά
2004 1508 2201 1563 τοῦτο

170 1609 329 1680 ἴσως
383 1615 523 1682 τοῖς
577 1604 1076 1689 νενομισμένοις
1120 1603 1275 1691 περὶ
1320 1606 1436 1681 τάς
1479 1608 1727 1681 θυσίας
1770 1604 2046 1687 ἥδονται
2091 1604 2201 1671 καὶ

169 1709 713 1795 ἀπολειπομένων
777 1712 1269 1797 δυσφοροῦσιν,
1336 1710 1613 1786 οὐδενὸς
1675 1711 1985 1776 τοιούτου
2048 1711 2201 1798 περὶ

91 1804 142 1877 ιὲ
169 1823 337 1882 θεοῦ
390 1816 803 1883 ἐπινοεῖσθαι
860 1816 1258 1902 δυναμένου.
1352 1818 1417 1882 οἱ
1463 1817 1546 1901 δὴ
1594 1814 1899 1898 λέγοντες
1946 1817 2092 1883 εδιά
2135 1822 2208 1883 τί

29 1926 393 2008 13Οῆδεται
438 1923 548 1989 καὶ
597 1924 913 2011 ἐπιθυμεῖ
969 1926 1049 1989 τά
1103 1924 1293 2012 ζῷα;’
1353 1926 1809 2004 αἰτιάσθωσαν
1853 1928 2201 2012 πρότερον,

167 2032 279 2095 διά
323 2034 394 2095 τί
435 2030 617 2096 ἐστιν
661 2033 1017 2115 αἰσθητικά
1062 2040 1270 2096 ταῦτα
1314 2029 1354 2114 ἢ
1403 2033 1516 2096 διά
1561 2035 1632 2097 τί
1670 2042 1924 2118 τροφῆς
1970 2035 2199 2099 δεῖται.

167 2136 207 2201 ἃ
261 2133 385 2221 μὲν
437 2138 565 2223 γάρ
620 2132 705 2220 ἦν
759 2136 1063 2202 ἀθάνατα
1128 2141 1257 2224 ζῷα
1320 2135 1430 2201 καὶ
1495 2143 1762 2224 φθορᾶς
1827 2137 1936 2203 καὶ
1998 2138 2201 2223 αὔξης

21 2263 147 2313 186*
166 2240 591 2330 ἀπήλῙλακται
628 2281 716 2288 —-
762 2234 911 2308 οἷον
954 2244 1141 2325 ῆλιος
1185 2242 1296 2308 καὶ
1344 2246 1586 2328 σελήνη
1632 2244 1742 2310 καὶ
1790 2243 2059 2330 ἀστέρες
2087 2284 2197 2329 -,

88 2373 140 2413 20
167 2354 381 2415 καίτοι
465 2352 625 2415 ὄντα
708 2351 1183 2435 αἰσθητ<ικ>ά,
1258 2349 1443 2427 ἐκτὸς
1524 2348 1599 2416 δὲ
1679 2354 1937 2418 τούτων
2020 2351 2202 2418 ἐστὶν

165 2455 276 2521 καὶ
317 2464 433 2539 τῆς
478 2456 787 2539 τοιαύτης
824 2457 1191 2532 αἰτιάσεως·
1239 2456 1276 2522 ὁ
1314 2452 1389 2520 δὲ
1427 2457 1785 2543 ἄνθρωπος
1821 2455 1932 2522 καὶ
1971 2463 2201 2523 αἴσθε-

168 2571 332 2629 σθαι
394 2561 506 2627 καὶ
568 2565 827 2649 κρίνειν
891 2563 1262 2647 δυνάμενος
1328 2559 1438 2626 καὶ
1494 2563 1773 2646 δυνάμει
1840 2566 2047 2648 σοφός
2108 2601 2200 2609 --

167 2672 302 2753 ἔχει
347 2672 475 2756 γάρ
523 2668 814 2752 δύναμιν
858 2677 1159 2744 τοιοῦτος
1212 2666 1530 2751 γενέσθαι
1577 2707 1665 2713 —
1711 2668 2067 2754 ἀπολαβων
2119 2672 2197 2735 τὸ

169 2778 348 2842 ἴδιον
393 2777 498 2859 δή,
544 2785 914 2839 καταπατεῖ.
1009 2771 1166 2838 XVI
1230 2774 1399 2850 ὅλως
1445 2776 1572 2860 γάρ
1620 2772 1807 2852 ἄξιον
1852 2774 2197 2841 πυθέσθαι

86 2905 141 2944 25
167 2884 425 2948 τούτων
468 2892 604 2946 τῶν
641 2879 929 2964 ἀνδρῶν,
973 2882 1259 2966 πότερον
1297 2877 1540 2945 οὐδένα
1587 2881 1953 2966 ἄνθρωπον
1994 2883 2199 2947 δυνα-

311 3045 342 3090 2
398 3046 497 3092 τοῦ
555 3036 653 3091 καὶ
705 3043 846 3106 χρῆν
905 3036 989 3090 M:
1044 3033 1096 3090 τ’
1158 3037 1261 3089 οὐκ
1309 3030 1479 3106 ἐχρῆν
1524 3039 1763 3106 correxi,
1809 3057 1869 3091 τε
1915 3039 1982 3091 ut
2026 3042 2084 3108 8,
2124 3044 2192 3093 21

168 3113 227 3164 et
265 3115 349 3179 21,
379 3115 410 3162 2
450 3111 546 3177 (an
582 3105 697 3177 y'?)
879 3113 910 3161 6
950 3105 1419 3177 διαμεμισήκασιν
1457 3109 1537 3162 M:
1575 3105 1655 3161 δι’
1699 3106 1736 3161 ἃ
1773 3128 1825 3179 μ.
1866 3109 2080 3164 correxi

169 3185 200 3232 7
239 3180 362 3301 [oq
395 3179 504 3234 del.
542 3178 583 3233 C
728 3183 760 3231 8
798 3176 984 3247 μόνων
1021 3177 1081 3230 Μ
1234 3184 1299 3232 11
1340 3176 1459 3250 <ἢ>
1496 3177 1693 3232 addidi
1837 3177 1896 3234 οἱ
1927 3177 2193 3249 δαίμονες

168 3249 233 3303 δὲ
269 3267 336 3303 ve
398 3247 457 3304 οἰ
488 3249 637 3320 (δὲ)
676 3246 939 3317 δαίμονές
975 3267 1037 3317 γε
1074 3248 1290 3302 Usener
1454 3254 1523 3302 20
1560 3247 1811 3318 αἰσθητά
1848 3250 1931 3304 M:
1971 3268 2109 3307 corr.
2149 3252 2191 3307 C

357 3324 422 3372 21
491 3321 801 3372 αἴσθεσθαι
874 3320 960 3388 (ub
1024 3323 1120 3388 33,
1162 3323 1194 3372 5
1270 3322 1590 3389 λογίζεσθαι
1661 3321 1760 3375 καὶ
1831 3324 2193 3393 αἴσθεσθαι);

169 3389 392 3454 tempus
428 3404 693 3455 praesens
732 3391 836 3458 est,
865 3391 934 3443 ef.
965 3388 1209 3443 Bekkeri
1248 3390 1442 3446 anecd.
1472 3409 1524 3456 p.
1548 3396 1669 3460 183,
1691 3397 1739 3447 9.
1770 3397 1892 3462 216,
1917 3399 1963 3448 7.
1995 3399 2116 3463 359,
2142 3400 2192 3449 6.

173 3454 326 3577 {iuviiss'
355 3456 695 3593 Ilua-phi?
733 3457 936 3514 Bernh.
1007 3460 1282 3529 Exempla.
1328 3461 1526 3515 attulit
1573 3462 1878 3517 Schneider
1927 3465 2001 3518 ad
2044 3464 2194 3519 Plat.
