2484 3800
193 114 372 169 XXVI
1006 115 1411 168 PRAEFATIO

192 282 366 342 caret
411 281 475 342 et
518 300 599 343 ne
644 277 839 342 latius
885 280 1167 361 serperet
1210 277 1410 361 pestis
1456 280 1732 362 caveret,
1788 279 2218 362 quartumque

192 388 415 469 postea
460 384 609 449 exul
655 385 736 448 ad
769 383 1114 448 Arsem’um
1159 383 1459 448 abbatem
1505 384 1698 448 misit.
1772 381 1961 448 Anno
2001 388 2218 449 autem

190 492 325 556 fere
372 490 567 580 8701)
611 492 843 556 Petrus
891 491 1151 576 quidam
1203 488 1459 555 Siculus
1505 490 1704 555 simili
1746 491 1997 555 ratione
2041 492 2217 555 simi-

190 598 488 684 libusque
515 599 728 663 verbis
762 597 1101 662 historiam
1128 597 1650 662 Manichaeorum
1679 597 1936 682 scripsit
1968 620 2219 664 eorum-

194 727 317 789 que
371 706 632 790 insuper
681 726 927 769 errores
982 726 1094 768 sex
1146 704 1333 768 libris
1394 703 1675 769 refutare
1729 704 2028 769 instituit.
2102 703 2220 770 Iis—

192 812 463 897 demque
520 812 624 876 his
681 811 1080 896 temporibus
1140 810 1549 875 attribuenda
1602 810 1856 874 videtur
1908 812 2218 896 recipien—

190 918 418 982 dorum
482 918 1005 983 Manichaeorum
1059 917 1339 982 formula
1402 940 1440 981 a
1493 915 1810 982 Gotelerio
1876 916 2216 1003 Tollioque

191 1025 377 1106 edita.
400 1022 452 1111 2)
527 1024 667 1103 Qua
721 1047 882 1110 quae
939 1026 1015 1090 de
1059 1025 1579 1089 Paulicianorum
1624 1024 1815 1088 rebus
1860 1028 1926 1089 et
1971 1025 2219 1109 opinio-

138 1152 150 1159 ’
189 1131 380 1196 nibus
428 1132 752 1218 dicuntur,
828 1155 901 1196 ea
961 1132 1041 1195 ad
1104 1131 1374 1196 verbum
1437 1131 1569 1195 fere
1625 1132 2014 1196 conveniunt
2068 1153 2216 1196 cum

138 1230 409 1302 ssPhotii
488 1238 855 1303 narratione
875 1236 928 1326 ³)
1012 1238 1168 1303 adeo
1260 1241 1336 1302 ut
1416 1241 1528 1301 aut
1609 1237 1690 1301 ab
1764 1239 1904 1322 ipso
1975 1237 2215 1303 Photio

334 1433 388 1500 1)
429 1429 511 1485 cf.
549 1431 1000 1500 Hergenroether
1033 1429 1071 1486 1.
1103 1447 1149 1487 6.
1185 1447 1239 1498 p.
1274 1433 1390 1484 148.
1470 1428 1621 1494 Quae
1675 1446 1856 1499 nuper
1905 1429 1976 1484 de
2020 1430 2214 1485 Photii

188 1518 454 1588 Petrique
490 1518 650 1573 libris
688 1519 965 1590 singulari
1001 1536 1127 1573 cum
1172 1517 1410 1573 levitate
1448 1517 1762 1588 disputavit
1796 1518 2050 1589 Karapet
2082 1518 2214 1573 Ter-

186 1607 564 1662 Mkrttschian
610 1610 696 1663 die
734 1608 1100 1664 Paulikiamer
1143 1606 1295 1677 Lips.
1335 1611 1498 1677 1893,
1536 1624 1605 1661 ea
1648 1607 1904 1677 pluribus
1956 1607 2215 1663 refellere

189 1696 261 1749 ab
298 1697 406 1751 hoc
440 1697 564 1751 loco
601 1695 849 1751 alienum
886 1700 989 1752 est.

326 1788 381 1856 2)
418 1785 500 1841 Cf.
531 1804 701 1855 supra
745 1805 799 1857 p.
830 1786 960 1840 xm
981 1804 1060 1854 sq.
1089 1787 1205 1840 not.
1231 1791 1277 1840 1.
1338 1783 1493 1849 Quae
1519 1785 1685 1855 posui
1720 1785 1954 1855 longum
1984 1788 2071 1840 est
2104 1785 2214 1841 hoc

185 1873 309 1928 loco
347 1874 663 1931 accuratius
701 1875 1101 1931 demonstrare.

329 1966 383 2033 3)
420 1962 501 2019 Cf.
530 1985 585 2034 p.
615 1970 897 2021 144-148
923 1963 1065 2021 Toll.
1095 1966 1221 2035 (546
1241 1963 1385 2034 Cot.)
1408 1981 1535 2019 cum
1562 1964 1754 2021 Photii
1782 1967 1808 2020 1
1835 1970 1903 2020 26
1934 1968 1992 2019 et
2020 1970 2213 2035 6—10,

185 2050 365 2105 veluti
399 2070 453 2121 p.
486 2058 590 2107 144
625 2055 796 2124 (646)=
1096 2052 1262 2109 Phot.
1299 2069 1345 2109 c.
1374 2058 1435 2110 62
2063 2088 2069 2092 <
2105 2082 2111 2088 ⁸

188 2141 461 2210 ἀνάθεμα
513 2140 647 2203 τοῖς
683 2141 757 2211 μὴ
817 2140 1038 2216 λέγουσι
1089 2139 1311 2211 νπατέρα
1358 2138 1573 2204 εὐθέως
1618 2142 1684 2196 οὐ
1738 2142 1839 2197 τὸν
1892 2143 2214 2214 παντοκράτ
2327 2157 2332 2162 ’

185 2226 402 2299 πατέρα
421 2229 853 2301 παντοκράτορος·
873 2227 1039 2299 ποιηὲ
1091 2250 1231 2299 τορα
1267 2230 1365 2285 καὶ
1401 2229 1641 2300 ποιητὴν
1683 2227 1936 2300 οὐρανοῦ
1974 2232 2073 2286 καὶ
2109 2225 2211 2302 γῆς

184 2318 287 2385 τὴν
344 2319 589 2388 οὐρανοῦ
643 2318 742 2372 καὶ
794 2326 896 2390 γῆς
939 2306 1038 2372 καὶ
1093 2317 1311 2388 ὁρατῶν
1373 2338 1432 2374 τε
1496 2317 1726 2374 πάντων
1788 2321 1885 2394 καὶ
1952 2320 2212 2391 ἀοράτων

185 2416 297 2461 τῶν
353 2401 413 2461 ἐν
470 2408 662 2469 αὐτοῖς
715 2406 933 2477 ὁρατῶν
976 2425 1036 2460 τε
1091 2406 1594 2476 ἀνακηρύττοντες,
1642 2407 1783 2462 ἀλλὰ
1836 2407 2052 2480 πατέρα
2098 2401 2214 2479 φά-

185 2494 413 2550 πάντων
450 2495 548 2550 καὶ
582 2493 857 2565 ἀοράτων,
896 2493 1037 2549 ἀλλὰ
1091 2514 1253 2565 μενοι
1287 2495 1387 2550 τὸν
1424 2494 1765 2565 ἐπουράνιον
1802 2496 2213 2553 ἐπισυνάπτου-

186 2581 360 2654 μόνον
413 2582 632 2656 πατέρα
677 2580 1035 2654 ἐπουράνιον,
1091 2601 1180 2639 σιν
1219 2627 1231 2638 .
1274 2626 1287 2639 .
1326 2626 1340 2638 .
1378 2586 1437 2638 et
1471 2583 1664 2652 paullo
1702 2588 1861 2642 ante:
1907 2587 2006 2642 τὸν
2044 2582 2210 2665 ἕπου·

188 2671 388 2742 ἔχοντα
423 2671 597 2743 μόνον
634 2673 737 2743 τὴν
772 2681 872 2728 τοῦ
909 2671 1037 2742 μέλ-
1090 2672 1292 2743 ράνιον
1345 2670 1587 2743 πατέρα,
1635 2672 1700 2728 ὃν
1748 2674 1847 2729 καὶ
1896 2683 1993 2745 τῆς
2041 2678 2209 2732 τοῦδε

185 2765 378 2823 λοντος
397 2756 657 2827 ἐξουσίαν
680 2761 1035 2835 [αἰῶνος],ὦς
1088 2770 1187 2816 τοῦ
1242 2761 1454 2824 παντὸς
1513 2758 1767 2828 ἐξουσίας
1819 2764 2211 2833 ὑπερορίζουσι

184 2857 284 2903 τοῦ
347 2849 628 2921 παρόντος
681 2849 884 2912 αἰῶνος
937 2850 1036 2905 καὶ
1088 2859 1187 2906 τοῦ
1216 2849 1511 2921 μέλλοντος
1537 2850 1713 2921 μόνον
1740 2851 1802 2906 τὸ
1831 2851 2034 2921 κράτος
2056 2853 2208 2925 αὐτῷ

184 2946 283 2993 τοῦ
319 2937 528 3009 κόσμου
556 2938 769 3002 παντὸς
795 2940 896 3009 οὐχ
928 2937 1029 2994 ὑπ’
1091 2935 1506 3009 ἐγχειρίζοντες·
1573 2938 1763 3009 ἕτερον
1827 2939 1892 2994 δὲ
1955 2940 2053 2995 τὸν
2109 2942 2208 3010 δη-

185 3028 358 3082 αὐτοῢ
396 3026 711 3098 γενομένων
761 3026 882 3083 ἀλλ’
923 3028 1033 3083 ὑπὸ
1090 3029 1359 3099 μιουργὸν
1385 3037 1485 3085 τοῦ
1513 3027 1741 3099 κόσμου,
1762 3022 1805 3101 ᾧ
1832 3029 1932 3082 καὶ
1958 3029 2020 3084 τὸ
2039 3037 2209 3099 κῦρος

183 3124 282 3170 τοῦ
321 3115 579 3171 ἐναντίου
616 3118 766 3191 αὐτῷ
801 3125 899 3172 τοῦ
932 3137 1035 3173 πο-
1089 3125 1189 3171 τοῦ
1225 3117 1504 3188 παρόντος
1539 3115 1744 3179 αἰῶνος
1778 3119 2114 3188 χαρίζονται.

184 3212 360 3273 νηροῢ
397 3206 854 3274 κοσμοκράτορος.

186 3306 268 3360 Re
321 3307 473 3362 idem
527 3309 627 3361 sed
680 3309 866 3363 verbis
913 3309 1151 3365 diversis
1207 3311 1404 3366 dicunt
1454 3312 1655 3366 Petrus
1710 3312 1890 3367 abbas
1938 3328 1984 3368 c.
2016 3318 2047 3366 6
2094 3311 2207 3382 (ed.

188 3390 436 3446 Gieseler
491 3394 730 3459 append.
787 3397 862 3449 ad
904 3396 1059 3451 Petri
1106 3397 1283 3452 Siculi
1335 3398 1467 3453 hist.
1513 3399 1589 3453 M.
1638 3398 1889 3469 Gotting.
1931 3402 2091 3471 1849)
2147 3401 2208 3453 et

187 3475 384 3530 Petrus
422 3478 641 3531 Siculus
678 3495 722 3533 c.
756 3484 839 3536 10.
