2484 3800
281 409 349 457 65

281 941 350 988 '¹10

279 1470 348 1520 75

273 2003 342 2051 80

272 2533 339 2582 85

268 3068 338 3116 90

1092 126 1495 179 PRAEFATIO

510 281 736 372 ςεὗρον
780 287 899 351 τὸν
944 288 1158 372 ἄνδρα
1203 290 1559 353 Βασίλειον
1602 288 1721 352 τὸν
1765 286 1993 371 μέγαν,

510 391 590 457 ὃν
634 392 915 469 εὐκλεῶς
959 395 1187 479 ἔχρισα
1232 401 1326 481 τῷ
1369 397 1537 482 θείῳ
1585 392 1842 476 σθένει,

510 496 655 582 ἐμοὶ
698 500 1026 565 ποθεινὸν
1071 501 1231 564 ὄντα
1277 500 1442 586 πρὸς
1486 509 1565 585 τῇ
1611 500 1882 586 καρδίᾳ,

508 605 596 680 ὡς
641 606 803 670 ὄντα
846 606 1083 671 πιστὸν
1126 605 1392 690 οἰκέτην
1434 630 1565 691 μου
1609 605 1719 671 καὶ
1766 609 1989 690 φίλον,

508 710 684 796 ε’μῶν
726 714 1019 796 θελητὴν
1061 716 1430 797 πανσόφων
1476 712 1897 796 ἐνταλμάτων

504 816 613 882 καὶ
659 831 1163 904 τρισσοφεγγῶν
1208 819 1501 904 εὐσεβῶν
1543 816 2104 905 προσταγμάτων.’

508 925 734 988 Δαυῒδ
780 923 929 1001 νέος
973 921 1097 1009 μὲν
1142 927 1236 1002 εἰς
1282 927 1531 1009 δόμους
1574 926 2015 1008 γεννητόρων,

506 1030 739 1115 μικρὸς
784 1027 858 1095 δὲ
903 1030 1081 1109 τάξει
1125 1040 1241 1114 τῆς
1286 1030 1647 1114 ἀδελφικῆς
1692 1030 1975 1114 φύτλης,

505 1134 707 1219 μέγας
753 1133 827 1201 δὲ
871 1145 965 1224 τῷ
1009 1135 1324 1220 βλέποντι
1368 1137 1625 1223 κρυπτὰ
1670 1136 1970 1220 καρδίας·

505 1241 628 1307 οὐκ
675 1242 937 1308 εὐδοκεῖ
981 1245 1107 1328 γὰρ
1157 1244 1478 1327 σωμάτων
1523 1242 1849 1328 εὐρωστίᾳ

505 1347 647 1415 ἀλλ’
687 1349 761 1414 ἐν
807 1360 1112 1434 φαειναῖς
1154 1348 1473 1434 πράξεσιν
1515 1352 1714 1414 θείου
1758 1351 1944 1432 βίου·

507 1453 577 1519 ἐκ
621 1460 952 1540 ποιμνίων
994 1459 1174 1543 ἤρθη
1220 1458 1347 1542 γὰρ
1395 1458 1487 1532 εἰς
1534 1455 1738 1542 ἀρχῆς
1781 1456 2021 1541 κράτος

500 1560 610 1625 καὶ
658 1565 908 1646 χρίεται
954 1563 1028 1626 τὸ
1075 1566 1318 1648 χρίσμα
1361 1573 1497 1628 τῶν
1542 1561 1943 1647 ἀνακτόρων.

502 1667 537 1732 ὁ
585 1668 906 1752 δεσπότης
951 1665 1026 1733 δὲ
1071 1671 1440 1751 Βασίλειος,
1485 1667 1526 1751 ἡ
1573 1668 1794 1751 βάσις,

500 1772 536 1838 ὁ
583 1775 1064 1859 παγκράτιστος
1109 1783 1228 1839 τοῦ
1274 1775 1558 1860 κράτους
1604 1773 1980 1856 ἐπώνυμος,

501 1877 912 1965 ἐγνωσμένος
958 1882 1100 1966 φὼς
1145 1889 1236 1969 τῷ
1281 1887 1422 1969 θεῷ
1465 1881 1594 1966 πρὸ
1642 1888 1763 1946 τοῦ
1808 1881 2039 1963 τόκου,

499 1988 768 2072 ἄμωμος
814 1988 1016 2071 ἁγνὸς
1064 1987 1491 2074 ἐστερημένος
1535 1990 1782 2070 ψόγου,

502 2103 734 2170 σκεῦος
778 2095 1075 2178 πεφυκὸς
1122 2093 1395 2177 ἐκλογῆς
1442 2096 1831 2177 σεβασμίας,

507 2198 572 2277 ἐξ
620 2201 906 2264 ἰδιωτῶν
949 2201 1395 2285 μετριωτάτου
1440 2199 1678 2283 γένους

510 2305 958 2392 ἀπραγμόνων
1002 2330 1071 2371 τε
1116 2304 1227 2371 καὶ
1275 2318 1536 2391 σεμνῶν
1579 2308 2000 2393 γεννητόρων

501 2416 942 2496 πανευλαβῶν
986 2409 1061 2477 δὲ
1105 2410 1216 2477 καὶ
1261 2414 1902 2496 πανευσεβεστάτων,

494 2521 717 2607 κόσμῳ
763 2517 817 2583 τ’
855 2521 1192 2602 ἄγνωστος
1236 2527 1329 2606 τῷ
1373 2526 1514 2606 θεῷ
1561 2518 1622 2583 δ’
1661 2516 2091 2602 ἐγνωσμένος,

504 2626 579 2689 τὸ
624 2632 822 2690 θεῖον
868 2628 1075 2702 ὅντως
1120 2629 1363 2710 χρίσμα
1407 2633 1522 2707 τῆς
1569 2623 1867 2703 ἐξουσίας

492 2730 702 2815 μέγαν
746 2755 816 2797 τε
859 2739 1089 2797 θῶκον
1133 2743 1269 2797 τῶν
1312 2731 1616 2797 ἀνάκτων
1650 2740 1772 2797 τοῦ
1815 2732 2099 2818 κράτους

497 2844 772 2922 εἴληφεν
815 2840 903 2914 ὡς
950 2839 1046 2904 ὢν
1091 2837 1273 2916 ἄξιος
1316 2849 1452 2902 τῶν
1497 2837 1715 2916 ἀξίων.

493 2945 686 3029 δηλοῖ
729 2947 855 3031 γὰρ
900 2944 1061 3029 ἡμῖν
1103 2943 1143 3027 ἡ
1191 2946 1584 3030 φερώνυμος
1631 2946 1851 3029 φάσις,

495 3050 536 3133 ἡ
584 3058 676 3138 τῷ
721 3053 1003 3138 μεγίστω
1049 3061 1183 3116 τῶν
1227 3053 1489 3137 βροτῶν
1532 3048 1877 3136 καθαρσίῳ
1925 3047 2032 3134 -ἶ

495 3156 804 3241 βάπτισμ’
852 3156 887 3222 ὃ
936 3158 1017 3240 δὴ
1062 3163 1395 3241 καλοῦμεν
1440 3158 1504 3222 οἱ
1549 3153 1937 3240 λελουμένοι
1982 3181 2070 3201 -·

421 3408 489 3457 66
528 3404 772 3473 καρδίαν
808 3403 867 3456 Μ
905 3403 1004 3457 sed
1041 3423 1074 3457 ν
1114 3401 1371 3457 additum
1408 3401 1525 3455 alia
1560 3415 1732 3454 manu

419 3496 487 3545 69
526 3500 903 3563 τρισσοφεγῶν
940 3491 999 3544 Μ

383 3591 541 3632 Anax.
568 3592 742 3634 1210012.
770 3592 840 3634 ed.
866 3590 1232 3631 Brinkmann„
1933 3572 1969 3625 b

2151 125 2309 181 XVII

2289 3175 2326 3231 f.
2343 3181 2417 3232 16⁹
