2484 3800
162 125 347 182 XVIII

164 623 231 671 95

975 126 1377 178 PRAEFATIO

386 284 502 353 ὑπ’
547 286 834 370 ἀγγέλου
879 290 1160 353 δοθεῖσα
1203 295 1298 375 τῷ
1340 290 1682 371 κεκληκότι
1704 307 1718 322 ·

385 396 735 470 Βασίλειος
779 397 905 480 γὰρ
952 395 1264 478 βασιλεὺς
1307 401 1517 480 πρᾷος
1561 392 1764 478 μέγας

386 499 895 585 εὐσυμπάθητος
940 500 1609 586 εὐπαρεκτικώτατος,

386 608 666 693 χρηστὸς
709 607 996 690 γαληνὸς
1040 605 1509 683 εὐδιάλλακτος
1553 606 1804 691 μέδων,

385 714 674 799 σώφρων
721 715 974 790 δίκαιος
1021 711 1338 799 ἐγκρατὴς
1382 717 1677 800 Χριστοῦ
1724 716 1919 797 φίλος

381 817 491 885 καὶ
537 831 672 884 τῶν
718 819 974 885 ἐκείνου
1019 822 1389 903 πανσόφων
1432 820 1957 905 προσταγμάτων

381 926 534 1001 ὅλος
579 926 880 1008 τελεστὴς
925 923 1035 989 καὶ
1079 926 1515 1009 πανασφαλὴς
1561 924 1796 1008 φύλαξ.

382 1033 442 1097 εῑ
485 1033 612 1118 γάρ
658 1056 759 1109 τις
805 1034 898 1108 εἰς
942 1033 1213 1096 ἔννοιαν
1259 1034 1451 1097 ἔλθοι
1497 1043 1631 1096 τῶν
1675 1033 1877 1097 πάλαι

151 1119 504 1222 ΣΧΊξιοοτὴν
548 1149 682 1203 τῶν
727 1137 1027 1203 ἀνάκτων
1072 1137 1264 1216 ἀξίαν
1308 1140 1719 1221 λελογχότων

156 1687 257 1735 105

154 2220 255 2269 110

149 2752 250 2800 115

145 3283 245 3331 120

376 1242 487 1310 καὶ
533 1246 649 1320 τὰς
696 1243 969 1309 ἐκείνων
1012 1245 1373 1330 πρακτικὰς
1417 1248 1709 1329 θεωρίας

378 1352 590 1416 εἰπεῖν
633 1351 911 1434 θελήσοι
955 1347 1066 1414 καὶ
1110 1348 1452 1435 προδεῖξαι
1498 1358 1591 1437 τῷ
1637 1352 1842 1437 λόγῳ,

377 1457 615 1540 ἥττους
661 1464 1032 1540 φανοῦνται
1078 1464 1198 1520 τοῦ
1243 1459 1601 1542 κρατίστου
1647 1457 1991 1522 δεσπότου.

376 1572 678 1640 τοιοῦτος
723 1562 804 1627 οὐ
851 1563 978 1648 γάρ
1026 1560 1164 1626 ἐστι
1209 1573 1345 1626 τῶν
1389 1563 1591 1628 πάλαι
1641 1561 1863 1646 μέδων

377 1665 578 1746 αὖθις
623 1667 795 1734 νέων
839 1692 909 1734 τε
953 1680 1088 1734 τῶν
1134 1670 1532 1754 φορούντων
1577 1671 1656 1734 τὰ
1704 1667 1912 1753 στέφη

377 1776 451 1842 ἐν
495 1778 882 1862 χρηστότητι
926 1773 1037 1839 καὶ
1082 1783 1462 1863 θεουργικῷ
1507 1778 1650 1862 βίῳ.

373 1884 508 1948 ἔδει
552 1892 876 1967 μενοῦνγε
921 1882 1041 1948 τὸν
1089 1880 1709 1966 κεκαλλωπισμένον

371 1992 597 2072 κλήσει
641 1992 953 2077 πανόλβφ
999 1998 1121 2055 τοῦ
1165 1991 1450 2075 κράτους
1495 1998 1610 2072 τῆς
1656 1988 1839 2068 ἀξίας

373 2098 655 2183 ἄμοιρον
698 2091 868 2161 εἷναι
914 2094 1067 2180 μηδ’
1116 2096 1286 2172 ὅλως
1331 2107 1466 2161 τῶν
1500 2097 1922 2182 πραγμάτων,

375 2202 448 2269 ἐν
491 2204 872 2289 πράγμασιν
917 2203 1043 2288 γάρ
1093 2202 1275 2267 ἐστιν
1317 2201 1358 2285 ἡ
1406 2205 1751 2286 τελειότης.

369 2313 513 2375 λεία
557 2310 748 2393 βάσις
794 2311 920 2394 γὰρ
968 2310 1235 2385 εἰκότως
1281 2307 1659 2395 παρεσχέθη

367 2419 633 2502 βροτοῖς
679 2417 924 2480 ἅπασιν
971 2414 1041 2479 ἐκ
1086 2422 1257 2482 θεοῦ
1301 2425 1423 2481 τοῦ
1469 2417 1825 2499 δεσπότου,

370 2522 444 2587 ἐν
488 2514 530 2610 ᾗ
574 2524 861 2607 βαδίζων
905 2531 1031 2599 πᾶς
1075 2545 1175 2598 τις
1221 2521 1603 2608 ἀνθρώπων
1648 2520 1886 2604 γένους

365 2630 874 2714 ὑπεκδιδράσκει
920 2630 1282 2713 συμποδῶν
1325 2629 1852 2715 προσκομμάτων

367 2746 501 2800 τῶν
544 2745 622 2821 τῇ
668 2738 936 2821 τραχείᾳ
979 2738 1547 2822 προσπεφυκότων
1590 2738 1826 2823 τρίβῳ,

369 2832 540 2905 ἷκται
589 2838 648 2905 δ’
689 2843 870 2927 ἰθεία
913 2839 1024 2906 καὶ
1069 2843 1443 2929 πανωμάλφ
1489 2841 1678 2923 βάσει

363 2958 498 3012 τῶν
540 2948 980 3013 παντοδαπῶν
1024 2951 1348 3014 ποικίλων
1392 2948 1831 3033 χαρισμάτων,

364 3048 583 3139 ὧνπερ
628 3053 954 3141 παρέσχεν
997 3054 1038 3138 ἡ
1087 3056 1277 3141 χάρις
1321 3064 1441 3120 τοῦ
1486 3055 1874 3137 πνεύματος.

365 3169 456 3249 τῷ
502 3147 987 3249 χρῖστομιμήτφ
1036 3159 1110 3227 δὲ
1153 3160 1503 3250 πανσέπτφ
1551 3164 1726 3250 λόγῳ

361 3271 825 3355 ταπεινόφρων
867 3267 1164 3353 πέφηνεν
1210 3270 1299 3346 ὡς
1345 3267 1716 3355 εὐεργέτης,
1758 3267 1766 3356 Ι

287 3499 386 3547 116
426 3494 575 3549 ΐκται
610 3499 669 3551 et
704 3499 862 3552 ἰ’θεία
901 3500 959 3553 et
992 3497 1079 3554 ita
1116 3497 1325 3568 ubique
1360 3499 1420 3552 M

2124 1152 2194 1217 ’τι
