2484 3800
239 133 395 187 XXII
1052 135 1455 187 PRAEFATIO

457 298 669 384 πατὴρ
720 298 848 361 σὺν
892 297 1020 384 υἱῷ
1063 296 1326 379 πνεῦμά
1369 318 1439 360 τε
1485 297 1832 381 ζωηφόρον

458 404 577 468 τὸν
622 412 742 487 γῆς
788 405 1064 486 ἄνακτα,
1110 403 1229 467 τὸν
1276 410 1619 488 φοροῦντα
1662 402 1736 466 τὸ
1785 399 2052 485 στέφος,

458 512 814 575 Βασίλειον
858 510 977 575 τὸν
1021 509 1261 574 πιστὸν
1306 510 1468 573 ὄντα
1514 508 1636 572 σὸν
1682 509 1915 593 λάτριν

454 625 533 702 τῇ
581 615 764 702 δεξιᾷ
807 632 932 681 σου
977 624 1054 702 τῇ
1105 615 1658 700 παναλκιμωτάτῃ

234 737 337 787 210
454 722 738 808 φρούρει
784 722 1073 805 φύλαττε
1119 720 1230 786 καὶ
1276 722 1526 804 βλάβης
1570 721 1782 804 πάσης
1828 718 2024 785 σκέπε
2065 721 2074 804 Ι

30 832 217 889 {1171V
454 826 812 915 ὁρωμένων
858 827 1123 914 ἐχθρῶν
1166 851 1235 893 τε
1281 825 1391 892 καὶ
1436 825 1924 913 κεκρυμμένων.

455 935 571 1011 δὸς
616 945 799 1011 νῖκος
846 934 1024 1022 αὐτῷ
1070 945 1205 999 τῶν
1251 933 1476 999 ἐθνῶν
1519 935 1684 998 κατὰ
1727 933 2013 1020 κράτους

449 1038 620 1128 ὑπὲρ
667 1042 741 1107 τὸ
787 1051 972 1117 νῖκος
1019 1042 1382 1106 δαυϊτικῶν
1425 1041 1794 1126 μυριάδων,

452 1149 846 1234 πρόσπονδα
882 1149 1147 1223 δεικνὺς
1182 1157 1323 1223 τοῖς
1360 1145 1561 1211 ποσὶν
1596 1154 1716 1211 τοῦ
1754 1147 2082 1211 δεσπότου

234 1270 336 1319 215
454 1255 710 1319 ἅπαντα
755 1259 937 1338 φῦλα
981 1255 1342 1340 βαρβάρων
1387 1255 1826 1341 κληρουχίας,
1890 1319 1936 1323 ,7
1999 1310 2024 1317 ..
2051 1293 2063 1332 3
2275 1262 2278 1265 ’
2343 1244 2346 1247 ’

453 1361 710 1425 τούτων
743 1367 1160 1447 τροποῦσθαι
1198 1360 1314 1436 τὰς
1345 1354 1695 1444 ’φάλαγγας
1730 1342 1841 1441 καὶ
1879 1352 2112 1443 στίφη

452 1465 561 1532 καὶ
597 1468 754 1542 τοὺς
781 1467 1131 1542 Μάνεντος
1168 1454 1643 1549 μυσταγωγοὺς
1677 1455 1786 1529 καὶ
1825 1469 2081 1549 φίλους.

451 1573 749 1636 ἔκτεινον
793 1571 1002 1637 αὐτοῦ
1047 1573 1204 1648 τοὺς
1250 1574 1535 1657 χρόνους
1579 1572 1994 1655 μηκεστάτως

450 1674 620 1764 ὑπὲρ
665 1680 1015 1763 προφήτου
1060 1676 1361 1755 Μωσέως
1405 1680 1521 1755 τὰς
1567 1677 1892 1762 ἐκτάσεις,

230 1800 333 1849 220
449 1786 682 1862 διδοὺς
728 1787 1022 1869 ἄπλητον
1066 1783 1414 1870 εὐετηρίαν
1458 1787 1613 1868 βίου

451 1890 561 1957 καὶ
605 1902 720 1976 τῆς
764 1901 968 1978 χαρᾶς
1012 1891 1436 1978 πάντερπνον
1482 1890 1917 1979 εὐρυχωρίαν,

452 2000 799 2083 εἰρηνικῶς
844 2001 1034 2082 ἄγειν
1077 2022 1148 2063 τε
1191 1999 1409 2063 πάντα
1453 1999 1572 2064 τὸν
1616 2001 1865 2084 χρόνον

452 2105 660 2188 μάχης
707 2106 953 2171 ἄνευθε
999 2103 1109 2170 καὶ
1156 2106 1368 2188 λύπης
1411 2103 1522 2169 καὶ
1569 2106 1987 2191 φροντίδων,

451 2212 606 2296 ἄτερ
653 2207 728 2276 δὲ
773 2212 996 2294 δεινῆς
1043 2211 1316 2295 ἐθνικῆς
1360 2214 1745 2298 παρουσίας.

228 2333 334 2382 225
453 2318 802 2384 σύστειλον
839 2317 1104 2404 ἐχθρῶν
1139 2320 1296 2394 τοὺς
1333 2320 1640 2401 φθόνους
1676 2315 1787 2382 καὶ
1823 2319 1980 2394 τοὺς
2018 2319 2262 2396 δόλους

450 2422 561 2489 καὶ
606 2426 762 2501 τοὺς
809 2423 1082 2490 ἐκείνων
1127 2425 1692 2508 δυσμενεστάτους
1738 2426 1992 2508 λόχους.

450 2532 844 2615 θαυμαστὸν
889 2530 1095 2595 αὐτὸν
1140 2530 1362 2609 δεῖξον
1408 2532 1502 2606 εἰς
1546 2533 1715 2614 ἔθνη
1763 2533 1919 2613 λόγε

452 2639 688 2722 ἔχοντα
732 2639 855 2720 τὴν
901 2638 1027 2720 σὴν
1071 2636 1436 2722 ἀπρόσιτον
1482 2635 1717 2702 ἐλπίδα

452 2749 665 2821 λιταῖς
711 2743 1018 2827 ἀλήκτοις
1062 2751 1177 2826 τῆς
1222 2746 1658 2829 πανυμνήτου
1702 2746 1905 2830 κόρης

232 2866 335 2914 230
452 2859 567 2933 τῆς
611 2851 1074 2934 παντανάσσης
1118 2850 1228 2916 καὶ
1274 2852 1623 2934 πανάγνου
1667 2848 2015 2936 παρθένου

2112 2966 2259 2977 .-

451 2955 562 3021 καὶ
607 2968 743 3023 τῶν
787 2957 1099 3022 ἁπάντων
1143 2956 1356 3039 ἁγίων
1401 2958 1703 3032 αἱωνίως.
1837 3025 1846 3036 ,
2111 2980 2258 3022 ΣΛΛ

231 3167 407 3232 Haec
455 3189 568 3232 our
612 3169 721 3233 isti
767 3170 1053 3256 syllogae
1098 3155 1448 3254 praemissa
1493 3170 1649 3255 sint,
1697 3168 1818 3233 etsi
1863 3190 1993 3233 non
2039 3169 2262 3234 statim

234 3277 499 3355 apparet
545 3311 629 3320 —-
676 3275 742 3338 id
789 3276 960 3358 quod
1004 3276 1178 3340 haud
1223 3276 1417 3341 dubie
1463 3276 1578 3340 LX
1621 3276 1913 3360 priorum
1958 3298 2261 3340 versuum

235 3377 480 3441 iactura
525 3379 821 3445 effectum
867 3385 964 3445 est
993 3420 1105 3467 —‚
1152 3405 1282 3447 non
1329 3387 1544 3449 tamen
1591 3382 1853 3447 difficile
1899 3386 1996 3447 est
2041 3382 2122 3446 ad
2167 3383 2263 3446 in-

241 3482 704 3565 vestigandum.
