2484 3800
157 119 241 183 34
624 115 1116 178 AAEEANAPOT
1151 116 1704 171 ΛΤΚΟΠΟΑῙΤΟΤ

157 280 447 365 δύναμιν
498 280 540 364 ἢ
596 290 688 370 τῷ
745 282 987 365 ταύτης
1041 282 1311 367 χείρονι.
1402 280 1445 346 ἃ
1499 277 1573 345 δὲ
1633 280 2185 364 οἰκονομούμενοι

155 385 489 471 λέγουσιν,
543 396 749 452 ταῦτα
796 383 952 452 οὐδὲ
1001 385 1344 470 ἐπινοῆσαι
1393 377 1540 451 οἷόν
1593 410 1679 451 τε.
1771 387 1883 451 διὰ
1938 389 2007 450 τί
2055 387 2184 470 γὰρ

155 502 269 576 τῆς
321 497 700 580 κρείττονος
763 495 1019 570 εἰκόνος
1075 495 1172 570 εἰς
1229 493 1353 576 τὴν
1414 503 1535 558 τοῦ
1596 492 1964 579 ἀνθρώπου
2021 491 2185 556 ὑπό-

157 617 391 665 στασιν
436 601 560 683 τὴν
602 599 776 682 ὕλην
821 600 1179 682 δεδεῆσθαι
1202 602 1640 683 Ινομίζουσιω
1694 598 1736 682 ἢ
1794 599 1905 663 διὰ
1950 600 2022 662 τί
2062 597 2185 662 οὐκ

103 729 128 769 5
156 705 485 791 αὐτάρκης
529 705 570 789 ἡ
619 706 815 770 εἰκὼν
859 707 1078 792 ὥσπερ
1133 716 1270 770 τῶν
1313 708 1700 792 κατόπτρων
1743 705 1909 791 πρὸς
1953 705 2028 769 τὸ
2073 725 2188 769 πε-

156 811 438 897 φηνέναι
476 814 597 877 τὸν
633 814 1028 899 ἄνθρωπον,
1069 811 1109 896 ἢ
1146 812 1449 899 καθάπερ
1488 812 1687 889 αὐτὸς
1722 812 1758 878 ὁ
1795 812 1982 895 ἥλιος
2016 812 2186 897 πρὸς

154 917 419 1002 γένεσιν
473 919 787 984 ἁπάντων
838 929 973 984 τῶν
1026 918 1402 1004 γινομένων
1453 917 1564 984 καὶ
1619 920 1895 1005 φθορὰν
1945 917 2186 1003 αὐτάρ-

155 1049 302 1108 κης;
329 1025 820 1110 -“έμιμήσατο
858 1023 933 1091 δὲ
968 1026 1091 1109 τὴν
1128 1027 1352 1091 εἰκόνα
1388 1027 1552 1091 κατὰ
1588 1027 1711 1109 τὴν
1754 1029 2026 1109 ποίησιν
2070 1033 2189 1107 τῆς

158 1130 476 1218 σφετέρας
522 1131 726 1215 αὐτῆς
771 1132 1247 1218 δημιουργίας.’
1307 1135 1442 1197 τίνι
1479 1128 1640 1197 ποτὲ
1676 1126 1772 1197 ὧν
1809 1126 2009 1215 εἷχεν;
2056 1124 2188 1214 ἆρά

79 1264 129 1301 10
155 1261 230 1320 γε
275 1247 353 1325 τῇ
401 1241 714 1324 μιχθείσῃ
760 1240 926 1325 πρὸς
980 1238 1189 1323 αὐτὴν
1231 1242 1391 1325 θείᾳ
1444 1239 1752 1322 δυνάμεις
1817 1237 2066 1304 οὐκοῦν
2113 1234 2189 1300 ἐν

157 1344 451 1430 ὀργάνου
507 1346 682 1431 λόγῳ
727 1348 884 1410 θεία
942 1346 1223 1430 δύναμις
1282 1344 1455 1410 οὕτω
1501 1370 1577 1429 γε
1621 1347 1788 1432 πρὸς
1832 1345 1955 1427 τὴν
1997 1343 2188 1426 ὕλην.

157 1450 325 1516 ἀλλὰ
369 1460 447 1536 τῇ
495 1448 750 1538 ἀτάκτῳ
797 1453 1080 1535 κινήσει;
1127 1451 1339 1528 οὕτως
1385 1453 1797 1517 εἰδοποιοῦσι
1841 1451 1964 1533 τὴν
1997 1449 2188 1532 ὕλην.

157 1556 324 1622 ἀλλὰ
368 1558 583 1622 πάντα
629 1580 705 1640 γε
749 1559 830 1622 τὰ
874 1558 1070 1642 ὅμοια
1117 1557 1190 1623 ἐν
1225 1557 1490 1636 τάξεσιν
1524 1555 1634 1622 καὶ
1673 1556 2037 1643 ἀκριβείαις
2072 1557 2188 1620 διὰ

158 1666 493 1748 μιμήσεων
559 1663 932 1748 ἀφικνεῖται
998 1666 1092 1741 εἰς
1154 1664 1370 1741 τέλος·
1447 1660 1605 1729 οὐδὲ
1667 1665 1794 1750 γὰρ
1863 1664 2082 1728 οἰκίαν
2143 1660 2185 1744 ἢ

81 1792 132 1833 15
157 1775 395 1836 πλοῖον
447 1772 490 1854 ἥ
545 1795 610 1835 τι
665 1770 894 1857 ἕτερον
947 1783 1082 1836 τῶν
1134 1782 1467 1855 τεχνητῶν
1511 1768 1599 1835 δι’
1637 1768 1903 1848 ἀταξίας
1957 1769 2189 1833 ἀποτε-

159 1883 424 1944 λεῖσθαι
470 1868 619 1944 οἶόν
663 1902 733 1943 τε
790 1874 947 1944 οὐδὲ
994 1877 1390 1965 ἀνδριάντα,
1438 1878 1641 1964 ὅνπερ
1696 1876 1736 1961 ἡ
1784 1874 1977 1961 τέχνη
2023 1875 2191 1962 πρὸς

160 1984 528 2071 ἀνθρώπου
574 1988 850 2070 μίμησιν
897 1985 1365 2070 ἐμηχανήσατο.

293 2088 512 2155 XXIV
593 2092 727 2156 Τὸν
781 2088 855 2156 δὲ
917 2092 1190 2177 χριστὸν
1236 2088 1394 2158 οὐδὲ
1450 2091 1963 2174 γιγνώσκοντες,
2020 2089 2188 2155 ἀλλὰ

160 2198 446 2283 χρηστὸν
473 2196 680 2262 αὐτὸν
713 2198 1320 2284 προσαγορεύοντες
1347 2207 1426 2284 τῇ
1463 2198 1631 2283 πρὸς
1667 2197 1742 2260 τὸ
1780 2206 1822 2280 ἧ
1859 2207 2190 2280 στοιχεῖον

85 2327 135 2367 20
162 2305 516 2387 μεταλήψει
563 2302 792 2390 ἕτερον
838 2307 1328 2388 σημαινόμενον
1372 2302 1522 2368 ἀντὶ
1576 2312 1697 2368 τοῦ
1747 2306 1993 2389 κυρίως
2036 2302 2190 2389 περὶ

163 2409 369 2474 αὐτοῦ
414 2407 906 2494 ὑπειλημμένον
952 2412 1328 2493 εἰσάγοντες
1382 2418 1552 2474 νοῦν
1595 2404 1775 2474 εἷναί
1814 2426 2037 2494 φασιν.
2128 2411 2189 2475 εἰ

163 2513 286 2600 μὲν
342 2516 416 2581 τὸ
477 2517 779 2598 γνωστὸν
834 2515 945 2581 καὶ
1004 2519 1079 2582 τὸ
1138 2527 1518 2600 γιγνῶσκον
1580 2513 1689 2580 καὶ
1753 2516 1877 2599 τὴν
1941 2518 2190 2599 σοφίαν

46 2635 142 2682 191
166 2622 371 2687 αὐτὸν
407 2620 731 2705 λέγοντες,
778 2622 1096 2708 ὁμόφωνα
1134 2622 1345 2699 οὕτως
1388 2633 1528 2698 τοῖς
1573 2621 1700 2686 ἀπὸ
1743 2619 1751 2708 Ι
1792 2634 1926 2687 τῶν
1964 2622 2191 2706 ἐκκλη-

309 2783 340 2831 6
362 2795 442 2846 sq.
484 2778 514 2833 ὁ
551 2776 793 2847 ἥλιος-’-
813 2777 1116 2848 amioum:
1152 2778 1572 2833 Platonicorum
1611 2782 1740 2849 (sec.
1780 2778 1926 2833 Plat.
1966 2778 2067 2834 civ.
2108 2777 2189 2833 VI

168 2848 323 2918 50910)
362 2851 420 2903 ot
457 2849 768 2903 Stoicorum
807 2852 865 2904 et
899 2849 1381 2920 Pythagoreorum
1428 2848 1849 2919 communisque
1884 2850 2001 2904 fero
2046 2850 2191 2904 haec

168 2922 291 2974 erat
325 2919 441 2973 illis
478 2919 826 2990 temporibus
863 2920 1079 2991 opini0‚
1128 2921 1197 2975 of.
1236 2939 1286 2976 e.
1314 2940 1367 2992 g.
1419 2919 1624 3012 papyri
1667 2920 1844 2975 Paris.
1891 2920 2080 2989 hymn.
2129 2920 2192 2974 in

169 2991 355 3046 Solem
381 3008 431 3046 v.
461 2996 496 3043 4
524 2999 737 3060 γεννῶν
776 2991 942 3055 αὐτὸς
978 2991 1202 3047 ἅπαντα
1241 2991 1386 3063 ἅπερ
1422 2997 1594 3047 παλιν
1627 2987 1951 3059 ἔξαναλύεις
1979 2991 2193 3060 (Miller

168 3063 452 3134 Me'lanyes
487 3081 541 3131 p.
572 3067 698 3132 447)

309 3210 341 3258 2
380 3206 597 3260 οἴονται
631 3203 716 3257 M=
773 3202 894 3259 οἷόν
947 3223 1006 3258 τε
1070 3204 1285 3259 correxi
1455 3210 1487 3257 ὅ
1524 3204 1561 3260 i.
1601 3202 1635 3272 ἡ
1676 3202 1843 3258 εἰκὼν
1878 3202 1914 3272 ἡ
1954 3199 2016 3258 ἐν
2053 3202 2189 3275 ἡλίῳ

274 3274 312 3329 f.
352 3276 424 3337 ὡς
480 3270 575 3329 ἐπὶ
628 3283 738 3328 τῶν
793 3295 843 3330 κ.
893 3276 962 3330 do
999 3292 1060 3330 ro
1098 3275 1167 3330 of.
1207 3274 1414 3330 Plotin.
1452 3275 1531 3329 III
1570 3280 1619 3344 6,
1651 3281 1701 3329 9.
1744 3280 1828 3329 13.
1867 3294 1919 3346 p.
1950 3280 2074 3344 230,
2105 3279 2191 3330 15.

172 3348 293 3410 236,
322 3349 388 3398 16
425 3346 500 3399 Μ.
629 3349 661 3398 8
697 3345 1034 3414 interpunot.
1074 3363 1210 3402 corr.
1250 3346 1409 3401 Elter
1555 3351 1618 3400 11
1658 3345 1696 3401 f.
1737 3344 1857 3419 <ἡ>
1893 3347 2029 3401 θεία
2065 3347 2117 3400 ὃ.

174 3415 493 3547 ἓτίὸιὲἰοντθαι
529 3415 614 3469 M=
652 3413 774 3470 οἷόν
809 3436 869 3471 τε
905 3416 1119 3472 correxi
1280 3414 1417 3488 ὅπερ
1453 3417 1513 3471 Μ
1661 3422 1726 3470 19
1763 3417 1802 3472 f.
1841 3425 1907 3489 τῇ
1946 3416 2087 3491 (τοῦ
2125 3417 2192 3490 Z>

347 3502 456 3537 κτε.
