2484 3800
705 123 904 173 ΠΡΟΣ
942 122 1083 173 ΤΑΣ
1118 121 1535 174 MANIXAIOT
1568 124 1812 181 ΔΟΞΑΣ
2178 120 2260 184 31

237 306 422 366 ματι;
488 283 547 346 εῑ
605 278 727 366 μὲν
780 284 908 368 γὰρ
963 286 1224 367 κοῦφόν
1281 282 1462 348 ε’στιν
1517 274 1665 348 οἷον
1718 294 1882 368 πῦρ,
1939 283 2061 349 οὐκ
2116 286 2269 370 ἄχρι

236 397 352 471 τῆς
417 390 695 472 σελήνης
758 391 970 473 μόνον
1034 390 1208 466 εἰκὸς
1254 389 1572 473 γενέσθαι
1626 392 1744 474 ἄν,
1804 388 1945 456 ἀλλ’
2001 392 2268 456 ἄνωθεν

237 497 351 560 διά
415 498 687 571 παντός·
752 497 810 560 εἰ
875 492 949 560 δὲ
1009 496 1212 582 βαρύ,
1279 495 1423 561 οὐδ’
1479 496 1689 584 ἀρχὴν
1752 499 1919 583 πρὸς
1981 499 2266 580 σελήνην

235 600 601 686 ἀφικέσθαι
667 593 815 667 οἷόν
877 625 964 666 τε.
1052 606 1201 667 τίνα
1268 599 1341 667 δὲ
1406 604 1611 685 λόγον
1675 607 1808 688 ἔχει
1866 605 1940 668 τὸ
2000 615 2266 684 πρῶτον

236 709 647 794 ἀφικόμενον
700 710 867 795 πρὸς
923 711 1208 792 σελήνην
1253 709 1341 792 μὴ
1399 708 1607 785 εὐθὺς
1660 710 1826 795 πρὸς
1870 710 2063 792 ἥλιον
2108 708 2265 774 ἀνα-
2320 733 2345 773 5

235 814 643 901 πέμπεσθαι,
689 814 830 880 ἀλλ’
888 813 1272 899 ἐκδέχεσθαι
1332 816 1455 898 τὴν
1514 814 1932 899 πανσέληνον
1981 814 2091 880 καὶ
2149 818 2265 892 τὰς

234 933 369 987 τῶν
435 923 657 987 ἄλλων
719 933 954 1005 ψυχῶν
1020 921 1398 1006 ἐπιδημίαςς
1473 923 1580 987 ὅτε
1642 926 1877 987 τοίνυν
1949 923 2076 987 ἀπὸ
2150 932 2265 1006 τῆς

232 1032 655 1112 πανσελήνου
721 1028 761 1112 ἡ
831 1032 1069 1112 σελήνη
1144 1038 1472 1113 μειοῦται,
1546 1028 1673 1113 <ἡ>
1732 1027 2262 1115 ἀποχωριζομένη

232 1136 517 1219 δύναμις
572 1136 691 1200 τὸν
736 1138 983 1221 χρόνον
1027 1144 1271 1200 τοῦτον
1316 1144 1447 1200 ποῦ
1493 1134 1706 1219 μένει,
1761 1135 1884 1212 ἕως
1934 1134 2020 1200 ἂν
2063 1159 2262 1200 κενω-

230 1249 431 1306 θεῖσα
475 1242 516 1326 ἡ
565 1244 805 1325 σελήνη
861 1253 996 1306 τῶν
1049 1241 1394 1328 προτέρων
1437 1252 1673 1327 ψυχῶν
1717 1244 2018 1329 καθάπερ
2072 1244 2263 1318 πόλις
2292 1266 2343 1305 10

233 1351 476 1434 ἔρημος
540 1347 860 1434 δευτέραν
912 1348 1117 1413 πάλιν
1173 1347 1435 1432 δέξηται
1501 1348 1839 1429 ἀποικίαν;
1902 1357 2072 1435 χρῆν
2121 1339 2260 1434 ’γὰρ

231 1454 624 1541 ἀφωρίσθαι
673 1453 783 1519 καὶ
827 1458 1179 1540 θησαυρόν
1224 1480 1375 1520 τινα
1429 1458 1504 1520 ἔν
1549 1480 1682 1520 τινι
1737 1454 1920 1542 μέρει
1974 1464 2089 1538 τῆς
2142 1465 2262 1538 γῆς

228 1561 270 1644 ἢ
319 1572 455 1625 τῶν
500 1568 801 1645 νεφελῶν
845 1561 885 1644 ἢ
934 1559 1162 1647 ἑτέρου
1208 1565 1418 1627 τόπου
1462 1564 1674 1645 τινός,
1724 1565 1895 1627 ἔνθα
1941 1563 2010 1626 αἱ
2054 1561 2260 1645 ψυχαὶ

231 1670 786 1752 συναγειρόμεναι
832 1666 1087 1753 ἕτοιμαι
1133 1668 1479 1751 γίγνονται
1524 1670 1692 1754 πρὸς
1740 1669 1862 1752 τὴν
1908 1667 2260 1753 ἐπιδημίαν

228 1775 355 1857 τὴν
400 1775 566 1860 πρὸς
613 1776 914 1858 σελήνην.
997 1774 1164 1840 ἀλλά
1208 1776 1414 1840 πάλιν
1459 1774 1703 1861 ἀπορία
1751 1773 1953 1861 ἑτέρα.
2036 1776 2149 1839 διὰ
2194 1778 2264 1839 τί
2287 1797 2338 1837 15

227 1884 467 1947 τοίνυν
513 1880 635 1946 οὐκ
681 1880 890 1957 εὐθὺς
933 1886 1303 1967 πληροῦται
1348 1880 1388 1965 ἢ
1437 1883 1550 1947 διά
1595 1884 1667 1946 τί
1704 1883 1909 1948 πάλιν
1944 1883 2062 1958 τὰς
2105 1903 2258 1947 πεν-

228 1990 572 2053 τεκαίδεκα
615 1986 862 2072 ἡμέρας
906 1986 1271 2073 περιμένει;
1318 1988 1440 2053 οὐκ
1485 1991 1757 2053 ἔλαττον
1793 1985 1868 2053 δὲ
1914 1999 2048 2052 τῶν
2084 1990 2259 2073 εἰρη-

228 2094 451 2178 μένων
495 2095 888 2178 θαυμαστὸν
934 2092 1042 2158 καὶ
1089 2103 1317 2178 τοῦτο,
1373 2095 1447 2158 τὸ
1495 2094 1820 2179 μηδέποτε
1870 2092 1981 2179 ἀφ’
2021 2090 2102 2159 οὗ
2149 2093 2258 2179 μέ-

227 2224 514 2284 μνηνται
560 2201 624 2265 οἱ
669 2202 1020 2287 ἄνθρωποι
1064 2201 1187 2283 τὴν
1233 2204 1520 2285 σελήνην
1566 2201 1750 2277 ἐντὸς
1794 2201 2258 2266 πεντεκαίδεκα

227 2306 496 2393 ἡμερῶν
531 2313 1028 2393 πεπληρῶσθαι,
1075 2307 1242 2373 ἀλλά
1287 2305 1452 2392 μηδὲ
1494 2307 1601 2372 ἐπὶ
1638 2318 1758 2373 τοῦ
1796 2313 2256 2392 κατακλυσμοῦ
2285 2334 2337 2372 20

229 2423 351 2478 τοῦ
410 2412 517 2477 ἐπὶ
561 2416 1031 2489 Δευκαλίωνος
1085 2411 1195 2478 καὶ
1252 2417 1347 2478 ἔτι
1401 2420 1658 2500 μᾶλλον
1714 2413 1820 2479 ἐπὶ
1871 2412 2256 2499 Φορωνέως,

230 2520 341 2584 ὅτε
385 2520 601 2583 πάντα
648 2520 735 2595 ὡς
781 2521 992 2584 εἰπεῖν
1028 2521 1107 2584 τά
1156 2518 1263 2584 ἐπὶ
1309 2530 1429 2603 γῆς
1475 2522 1809 2607 διεφθάρη
1855 2519 1966 2585 καὶ
2000 2520 2258 2603 πολλὴν

226 2626 353 2708 τὴν
400 2626 688 2709 δύναμιν
733 2623 977 2709 συνέβη
1026 2627 1488 2712 διακεκρίσθαι
1533 2635 1647 2709 τῆς
1692 2625 1871 2709 ὕλης.
1943 2624 2145 2711 χωρὶς
2181 2622 2256 2690 δὲ

224 2731 486 2796 τούτων
543 2728 653 2794 καὶ
714 2733 927 2817 φορὰς
983 2743 1232 2814 γενεῶν
1287 2730 1397 2797 καὶ
1458 2731 1742 2817 ἀφορίας
1800 2731 1909 2796 καὶ
1970 2738 2256 2819 φθορῶν

226 2838 474 2922 ὁμοίως
527 2847 799 2902 σκοπεῖν
841 2846 1194 2924 προσῆκεν,
1252 2832 1348 2903 ὧν
1393 2839 1703 2915 ὡσαύτως
1747 2841 1836 2924 μὴ
1882 2839 2256 2923 γινομένων
2284 2864 2334 2903 25

224 2947 392 3009 κατὰ
456 2942 643 3022 τάξιν
714 2953 882 3028 χρῆν
945 2941 1110 3028 μηδὲ
1174 2946 1298 3028 τὴν
1361 2944 1547 3023 τάξιν
1617 2957 1752 3010 τῶν
1821 2948 2255 3028 πανσελήνων

377 3126 407 3173 ’7
430 3136 553 3186 sqq.
592 3117 660 3172 cf.
690 3117 990 3186 Ephraem.
1021 3135 1112 3187 ap.
1132 3119 1375 3175 Kessler.
1395 3137 1450 3188 p.
1472 3125 1577 3173 285
1597 3137 1679 3189 sq.
1783 3125 1849 3173 17
1870 3137 1992 3187 sqq.
2022 3119 2091 3174 cf.
2120 3118 2253 3188 Epi-

222 3190 399 3260 phan.
437 3207 570 3259 pan.
610 3195 695 3257 66,
725 3194 792 3243 23

371 3356 403 3403 8
453 3347 576 3422 <ὴ>
624 3348 821 3404 addidi
1019 3355 1087 3403 14
1128 3350 1451 3418 “ylyvmvvm
1486 3349 1708 3404 videtur
1746 3348 2015 3418 scriptum
2050 3347 2247 3403 fuisse'

222 3422 441 3476 Usener
589 3425 654 3473 21
695 3416 978 3490 ἐπιφέρων
1018 3419 1120 3481 ἕως
1157 3422 1239 3475 M:
1280 3437 1417 3474 corr.
1449 3419 1488 3474 C
1626 3426 1696 3474 24
1732 3428 1914 3490 φορᾶς
1948 3420 2032 3473 M:
2071 3421 2252 3491 φορὰς

225 3510 366 3548 corr.
407 3492 447 3546 C
592 3491 826 3563 φθορὰν
883 3491 948 3563 C,
1006 3490 1236 3562 φθορὰς
1280 3491 1492 3545 Usener
1636 3497 1702 3545 26
1740 3493 1844 3563 χρὴ
1885 3494 1940 3546 Μ
