2484 3800
364 1036 398 1102 I
455 1037 547 1102 ‘H
584 1043 1006 1124 Χριστιανῶν
1050 1040 1418 1124 φιλοσοφία
1483 1039 1655 1124 ἁπλῆ
1700 1044 2011 1106 καλεῖται.
2095 1041 2258 1124 αὕτη
2277 1038 2432 1093 Ῐῖ179

234 1141 307 1209 δὲ
355 1143 464 1210 ε’πὶ
510 1146 632 1228 τὴν
676 1154 797 1210 τοῦ
840 1147 1056 1229 ἤθους
1116 1147 1527 1230 κατασκευὴν
1580 1147 1702 1230 τὴν
1754 1144 2070 1231 πλείστην
2124 1146 2260 1212 έπι-
2278 1108 2433 1179 p.3C

232 1250 503 1336 μέλειαν
559 1261 844 1317 ποιεῖται
906 1250 1326 1336 αἰνιττομένη
1380 1250 1534 1338 περὶ
1588 1263 1723 1317 τῶν
1777 1251 2261 1339 ἀκριβεστέρων

232 1361 454 1441 λόγων
515 1355 666 1443 περὶ
729 1364 924 1423 θεοῦ·
971 1352 1068 1422 ὧν
1130 1359 1205 1423 τὸ
1261 1360 1627 1442 κεφάλαιον
1679 1367 1793 1442 τῆς
1848 1357 2000 1446 περὶ
2054 1369 2260 1424 ταῦτα

233 1465 529 1546 σπουδῆς
592 1466 858 1541 εἰκότως
922 1462 1008 1528 ἂν
1072 1463 1357 1542 ἅπαντες
1424 1463 1888 1548 ἀποδέξαιντο,
1950 1467 2121 1530 ἔνθα
2182 1467 2257 1530 τὸ
2312 1491 2339 1530 5

228 1571 578 1654 ποιητικὸν
623 1576 840 1636 αἴτιον
885 1571 1284 1655 τιμιώτατον
1318 1573 1620 1636 τίθενται
1656 1570 1767 1636 καὶ
1803 1572 2259 1659 πρεσβύτατον

231 1674 343 1741 καὶ
388 1677 662 1741 πάντων
705 1680 924 1742 αἴτιον
967 1687 1103 1740 τῶν
1150 1678 1383 1742 ὄντων.
1467 1675 1607 1742 ἐπεὶ
1652 1675 1762 1742 καὶ
1809 1688 1947 1754 τοῖς
1991 1678 2258 1761 ἠθικοῖς

228 1785 310 1848 τὰ
367 1782 813 1870 έργωδέστερα
868 1784 1415 1870 παραλείποντες,
1472 1775 1619 1849 οἷον
1681 1788 1780 1861 τίς
1833 1808 1904 1850 τε
1955 1783 1996 1867 ἡ
2050 1784 2255 1867 ἠθικὴ

230 1890 430 1979 ἀρετὴ
495 1889 605 1969 καὶ
669 1893 933 1976 λογική,
995 1889 1106 1956 καὶ
1172 1891 1295 1956 ὅσα
1357 1888 1615 1975 λέγεται
1677 1890 1830 1978 περὶ
1891 1892 2084 1976 ἠθῶν
2145 1888 2255 1956 καὶ

225 2005 490 2081 παθῶν,
535 1995 688 2083 περὶ
732 1998 853 2062 τὸν
895 1997 1305 2063 ὑποθετικὸν
1350 1999 1769 2085 διατρίβουσι
1813 2001 2039 2082 τόπον,
2081 2015 2254 2065 στοι-
2282 2025 2334 2064 10

224 2115 370 2189 χεῖα
432 2100 556 2189 μὲν
617 2105 785 2190 πρὸς
841 2101 1113 2186 ἑκάστης
1170 2101 1404 2190 ἀρετῆς
1459 2103 1793 2189 ἀνάληψιν
1847 2103 1968 2170 οὐκ
2025 2103 2197 2170 ἀποδ
2203 2131 2255 2169 ι-

226 2213 478 2293 δόντες,
522 2208 1033 2296 παραγγέλματα
1081 2205 1156 2274 δὲ
1200 2211 1534 2296 παχύτερα
1579 2211 1669 2287 ὡς
1716 2209 2074 2295 ἐτύγχανεν
2119 2210 2256 2276 ἐπι-

228 2317 654 2403 σωρεύοντες,
701 2311 796 2380 ὧν
842 2316 877 2382 ὁ
923 2319 1135 2393 πολὺς
1181 2318 1388 2400 δῆμος
1434 2315 1698 2381 ἀκούων
1743 2355 1831 2363 -
1875 2318 1965 2394 ὡς
2024 2315 2095 2381 ἐκ
2140 2326 2256 2401 τῆς

223 2427 456 2510 πείρας
515 2424 653 2488 ἔστι
716 2429 963 2507 μαθεῖν
1007 2461 1096 2468 ——
1143 2424 1407 2509 σφόδρα
1463 2421 1852 2487 ἐπιδίδωσιν
1906 2424 1999 2498 εἰς
2055 2421 2253 2488 ἐπιεί-

222 2554 433 2614 κειαν,
479 2527 588 2594 καὶ
635 2538 750 2611 τῆς
788 2528 1124 2613 εὐσεβείας
1168 2528 1499 2614 χαρακτὴρ
1540 2527 1820 2607 ένιζάνει
1856 2528 2078 2593 αὐτῶν
2112 2540 2252 2606 τοῖς
2281 2554 2331 2594 15

226 2639 466 2720 ἤθεσιν
539 2635 987 2721 ἀναζωπυρῶν
1062 2635 1136 2699 τὸ
1204 2633 1276 2699 ἐκ
1339 2643 1453 2717 τῆς
1517 2636 1826 2719 τοιαύτης
1892 2640 2253 2719 συνηθείας

224 2741 750 2827 συνειλημμένον
792 2738 962 2826 ἦθος
996 2740 1108 2807 καὶ
1143 2739 1283 2806 κατ’
1330 2741 1563 2824 ὀλίγον
1598 2743 1693 2819 εἰς
1729 2743 1851 2826 τὴν
1886 2751 2006 2807 τοῦ
2042 2748 2251 2809 καλοῦ

224 2848 471 2926 αὐτοὺς
517 2847 739 2935 ὄρεξιν
783 2847 1062 2932 ὁδηγῶν.

355 2956 479 3032 Εἰς
513 2958 786 3019 πλεῖστα
823 2949 897 3018 δὲ
934 2954 1175 3038 ταύτης
1210 2953 1342 3019 ὑπὸ
1380 2964 1515 3018 τῶν
1552 2952 2037 3039 ἐπιγενομένων
2067 2980 2250 3043 μερι-

221 3065 498 3145 σθείσης
543 3061 835 3145 ζητήσεις
881 3059 1292 3145 συνέστησαν
1325 3063 1626 3137 πλείονες
1661 3061 1961 3147 καθάπερ
2001 3060 2076 3126 ἐν
2109 3074 2248 3139 τοῖς
2277 3085 2328 3124 20

220 3167 596 3255 ἐριστικοῖς,
641 3165 754 3252 ἀφ’
809 3161 906 3232 ὧν
951 3166 1487 3254 ἐντρεχεστέρους
1531 3163 1654 3252 μὲν
1709 3169 1953 3243 ἄλλους
2006 3164 2248 3254 ἑτέρων

364 3366 394 3414 1
435 3379 576 3430 αντη
614 3359 698 3416 M:
738 3376 874 3415 corr.
906 3359 965 3429 Ο,
1003 3358 1147 3414 talia
1182 3377 1298 3415 non
1334 3357 1666 3427 adscribam,
1699 3357 1811 3412 nisi
1849 3354 2040 3425 aliquo
2076 3358 2244 3413 modo

220 3430 474 3487 dubit-ari
507 3433 700 3501 potesss
855 3435 884 3484 '7
925 3431 1024 3485 καὶ
1058 3439 1199 3494 τοῖςε
1236 3432 1276 3488 f.
1315 3431 1423 3486 κάν
1459 3436 1576 3491 τοῖς
1719 3434 1786 3482 12
1824 3423 2243 3497 ἐπισορεύοντες

215 3502 306 3558 M:
344 3518 480 3558 corr.
519 3501 562 3557 C
708 3506 774 3555 16
811 3504 917 3557 καί
944 3522 1029 3566 τις
1062 3503 1221 3558 Elter
1367 3506 1431 3555 17
1477 3499 1516 3555 f.
1556 3498 1691 3562 ἔθος

1145 3639 1222 3744 “)

1186 3732 1285 3775 ¹⁴

1850 3585 1922 3640 1*
