2484 3800
781 171 980 222 ΠΡΟΣ
1016 170 1159 221 ΤΑΣ
1195 167 1612 221 MANIXAIOT
1647 168 1889 226 ΔΟΞΑΣ
2254 165 2336 227 21

310 329 717 417 κρινομένην
743 330 874 395 ἀπὸ
911 342 1047 395 τῶν
1074 327 1554 414 ἀπολλυμένων
1580 330 1887 413 δύναμιν.
1958 325 2117 393 XIV
2147 329 2344 412 ἠγνο-

315 437 570 523 ήκαμέν
613 462 705 522 τε,
742 438 831 514 ὡς
877 440 1114 521 ἔοικεν,
1152 437 1254 502 ὅτι
1294 436 1367 501 ἐν
1404 438 1557 522 δίκῃ
1597 437 1718 501 τὸν
1760 433 2345 522 κροκόδειλον’καὶ

313 547 436 610 τὸν
481 544 717 611 λέοντα
762 542 873 609 καὶ
922 545 1043 609 τὸν
1089 543 1298 609 λύκον
1348 554 1630 627 τιμῶσιν
1673 542 2063 625 Αἰγύπτιοι,
2120 539 2343 623 ἐπειδὴ

314 662 522 717 ταῦτα
576 652 859 735 μάλιστα
913 652 1092 736 παρὰ
1147 651 1227 715 τά
1286 651 1453 714 ἄλλα
1509 653 1638 737 ζῷα
1682 648 2139 735 καρτερώτατα
2184 649 2346 712 ὄντα

314 761 776 823 καταναλίσκει
843 758 1201 841 σιτούμενά
1262 780 1332 821 τε
1397 755 1565 820 αὐτὰ
1627 752 1739 819 καὶ
1811 755 2028 820 πάντα
2094 757 2346 840 τρόπον
2400 775 2425 813 5

315 867 838 951 διαφθείροντα,
891 861 1002 928 καὶ
1048 865 1168 928 τὸν
1212 863 1409 928 ἀετὸν
1452 860 1562 927 καὶ
1608 863 1728 927 τὸν
1776 860 2032 947 ἱέρακα,
2088 844 2190 926 ὅτι
2235 859 2347 925 καὶ

314 981 523 1036 ταῦτα
575 983 711 1036 τῶν
770 970 843 1035 ἐν
898 970 1042 1055 ἀέρι
1097 969 1209 1035 καὶ
1266 969 1373 1034 ἐπὶ
1427 978 1547 1052 γῆς
1608 966 2108 1054 ἀσθενεστέρων
2165 964 2348 1056 ζῴων

316 1078 716 1164 ἀναιρετικά.
816 1078 980 1161 τάχα
1053 1073 1128 1141 δὲ
1198 1075 1340 1141 κατ’
1395 1075 1639 1151 αὐτοὺς
1703 1074 1739 1140 ὁ
1804 1075 2164 1160 ἄνθρωπος
2234 1076 2349 1139 διὰ

316 1194 514 1250 τοῦτο
563 1183 637 1249 ἐν
680 1186 953 1269 πλείστῃ
999 1193 1184 1269 τιμῇ,
1231 1183 1334 1248 ὅτι
1379 1183 1661 1267 μάλιστα
1704 1182 1976 1246 πάντων
2019 1190 2163 1256 ταῖς
2210 1179 2347 1245 ἐπι-

314 1293 535 1368 νοίαις
587 1288 697 1355 καὶ
751 1300 895 1366 ταῖς
948 1288 1210 1374 τέχναις
1264 1294 1538 1355 πλεῖστα
1591 1300 1727 1353 τῶν
1789 1285 1973 1375 ζῴων
2036 1288 2347 1371 δαμάζειν
2375 1309 2426 1347 10

316 1403 584 1481 εἴωθεν,
630 1397 742 1462 ἵνα
788 1394 898 1461 καὶ
945 1395 1144 1473 αὐτὸς
1189 1397 1277 1481 μὴ
1325 1396 1565 1482 ἀμοιρῇ
1610 1394 1855 1460 τούτου
1899 1403 2020 1458 τοῦ
2062 1393 2347 1477 ἀγαθοῦ,

316 1506 487 1590 βορὰ
544 1501 787 1590 ἑτέρων
840 1506 1112 1586 γίνεται.
1201 1504 1407 1568 πάλιν
1461 1497 1587 1567 οὖν
1640 1503 1709 1567 αἱ
1763 1499 2053 1584 γενέσεις
2112 1502 2346 1565 ἄτοποι

317 1608 459 1675 κατ’
510 1609 783 1693 αὐτούς,
838 1609 908 1674 ἐκ
954 1619 1197 1696 μικροῦ
1256 1608 1367 1674 καὶ
1426 1618 1547 1674 τοῦ
1599 1610 1916 1692 τυχόντος
1981 1605 2348 1693 σπέρματος

316 1716 625 1800 πάμμεγά
669 1739 733 1780 τι
775 1715 782 1801 Ι
825 1715 1292 1799 ἀποτελοῦσαι,
1347 1714 1458 1780 καὶ
1503 1718 1677 1780 πολὺ
1722 1715 2000 1779 κάλλιον
2044 1713 2181 1779 κατ’
2228 1714 2344 1778 αὐ-
2364 1718 2481 1774 1218

316 1826 475 1899 τοὺς
530 1822 910 1910 ἀνῃρῆσθαι
964 1823 1206 1899 ταύτας
1264 1822 1395 1887 ὑπὸ
1451 1832 1573 1888 τοῦ
1627 1828 1825 1905 θεοῦ,
1881 1821 1993 1885 ἵνα
2048 1819 2133 1885 ἀν
2187 1822 2345 1891 σύν-
2374 1842 2424 1881 15

315 1954 518 2015 τομος
577 1929 836 2013 ἐγένετο
895 1929 1237 2013 ἀπαλλαγὴ
1298 1938 1414 2012 τῆς
1478 1929 1772 1995 ἐνταῦθα
1831 1929 2174 2014 διατριβῆς
2231 1938 2346 2012 τῆς

319 2038 662 2120 δυνάμεως
731 2044 846 2119 τῆς
913 2040 1120 2113 θείας.
1223 2035 1391 2102 ἀλλὰ
1457 2038 1529 2100 τί
1580 2034 1691 2100 καὶ
1757 2037 1925 2120 πρὸς
1991 2034 2347 2111 ἀκολασίας

316 2140 428 2207 καὶ
475 2141 734 2219 ἀδικίας
777 2140 889 2206 καὶ
933 2152 1068 2207 πᾶν
1112 2142 1345 2208 ὁτιοῦν
1389 2151 1729 2225 τοιοῦτον,
1776 2140 2051 2227 φήσειέν
2095 2165 2194 2218 τις
2241 2143 2346 2224 ἄν,

319 2249 355 2315 ὁ
394 2253 774 2333 Μανιχαῖος
822 2248 982 2335 ἐρεῖ;
1029 2248 1280 2315 οὐκοῦν
1320 2251 1486 2335 πρὸς
1531 2258 1736 2313 ταῦτα
1782 2250 2035 2334 βοηθὸς
2081 2247 2347 2313 δέδοται

316 2354 358 2439 ἡ
405 2356 751 2431 παίδευσις
804 2353 916 2419 καὶ
962 2355 998 2421 ὁ
1045 2358 1277 2440 νόμος;
1339 2355 1380 2439 ἡ
1431 2351 1554 2440 μὲν
1598 2356 1946 2431 παίδευσις
2002 2354 2345 2441 ἐκφροντί-
2373 2378 2425 2417 20

320 2465 521 2540 ζουσα
583 2471 704 2526 τοῦ
767 2458 933 2546 μηδὲ
994 2464 1304 2528 τοιοῦτόν
1366 2486 1431 2527 τι
1494 2460 1647 2547 περὶ
1715 2464 1872 2538 τοὺς
1944 2460 2346 2547 ἀνθρώπους

321 2571 742 2652 συμβαίνειν,
797 2568 834 2634 ὁ
891 2570 1094 2652 νόμος
1148 2565 1222 2633 δὲ
1278 2569 1770 2654 τιμωρούμενος
1815 2569 1934 2631 τὸν
1980 2567 2225 2633 ἁλόντα
2272 2570 2347 2631 ἔν

318 2697 455 2739 τινι
498 2685 634 2739 τῶν
671 2673 1094 2759 ἀδικημάτων
1130 2676 1310 2740 ὄντα.
1348 2713 1436 2720 --’
1472 2677 1694 2739 ἔπειτα
1731 2671 1806 2739 δὲ
1843 2676 1914 2738 τί
1944 2675 2017 2739 τὸ
2056 2676 2346 2757 ἔγκλημα

317 2789 435 2863 τῆς
479 2788 600 2863 γῆς
635 2819 723 2826 -
759 2782 818 2846 εῐ
863 2782 1155 2866 γεωργὸς
1191 2781 1579 2866 ἀμελήσειεν
1613 2790 1734 2846 τοῦ
1769 2782 2017 2864 ταύτην
2052 2780 2347 2866 ἡμεροῦν

316 2924 406 2934 -—
454 2887 555 2952 ὅτι
609 2887 973 2970 ἠλάττωται
1027 2888 1068 2972 ἡ
1124 2898 1245 2954 τοῦ
1291 2894 1461 2954 θεοῦ
1506 2887 1702 2975 ἀρχή,
1757 2889 1901 2971 ἥτις
1960 2886 2139 2952 ἐστὶν
2181 2888 2346 2951 κατὰ
2374 2906 2424 2946 25

320 2995 395 3058 τὸ
452 2995 745 3077 δίκαιον,
802 2995 963 3059 ὅταν
1006 2986 1050 3080 ᾗ
1103 2997 1183 3059 τά
1238 2991 1362 3079 μὲν
1406 3006 1680 3081 καρπῶν
1724 2997 1966 3078 γόνιμα
2011 2995 2092 3058 τὰ
2137 2989 2211 3057 δὲ
2257 2993 2343 3075 μὴ

317 3110 620 3183 τοιαῦτα,
692 3098 733 3183 ἢ
799 3099 1189 3186 φερομένων
1251 3112 1386 3166 τῶν
1447 3102 1843 3185 πνευμάτων
1905 3097 2057 3164 καθ’
2116 3096 2345 3183 ἑτέραν

315 3244 515 3251 ’.ι’-...4

460 3332 496 3379 4
533 3327 984 3397 καρτερικώτατα
1020 3328 1104 3382 M:
1143 3343 1281 3382 corr.
1320 3327 1534 3381 Usener
1716 3329 1779 3379 11
1819 3325 1858 3379 f.
1898 3324 2038 3396 <καὶ
2120 3326 2215 3378 ἵνα
2252 3324 2345 3377 vel

318 3399 414 3453 ἵνα
452 3397 603 3470 (δὲ)
639 3396 752 3450 nisi
785 3398 952 3467 plura.
989 3397 1318 3452 exciderunt
1485 3402 1552 3449 14
1588 3404 1703 3450 πᾶν
1741 3392 1881 3465 μέγα
1918 3414 1971 3448 τι
2078 3417 2090 3448 :
2130 3393 2344 3447 correxi

463 3474 532 3523 23
572 3467 764 3525 ἔπειτα
802 3469 892 3525 δὲε
931 3468 999 3523 cf.
1039 3475 1125 3537 20,
1157 3475 1223 3522 12
1260 3476 1481 3537 πρῶτον
1528 3466 1631 3535 μὲν
1802 3470 1869 3519 26
1908 3462 1993 3517 ὅτι
2028 3464 2240 3531 pendet
2275 3480 2343 3517 ex

323 3538 568 3610 ἔγκλημα
740 3545 808 3593 26
845 3542 977 3609 post
1013 3537 1149 3593 ὅταν
1185 3538 1358 3592 litura
1396 3537 1664 3604 quattuor
1698 3536 1815 3590 fere
1850 3534 2072 3587 litteras
2113 3532 2341 3601 capiens
