2484 3800
142 113 296 167 XXX
954 115 1357 168 PRAEFATIO

142 275 514 341 cedonensis
569 274 656 363 (v.
702 276 924 341 Photii
979 277 1137 365 bibl.
1192 277 1343 341 cod.-
1378 275 1494 363 85)
1560 282 1624 342 et
1681 277 1954 342 Photius
2017 278 2170 344 hist.

140 382 415 447 Manich.
458 385 536 448 11
588 383 833 468 docent,
846 380 899 470 1)
945 388 1199 468 praeter
1235 385 1552 470 syllogam
1589 384 1940 448 Mediceam
1976 387 2165 470 pauci

138 512 289 554 sane
336 491 505 555 diem
550 490 854 555 tulerunt.
945 488 1163 575 Atque
1209 491 1635 555 vetustiorum
1652 487 1705 577 2)
1753 492 2010 575 quidem
2060 490 2168 556 Se·

138 597 422 680 rapionis
465 596 839 661 Thmuitani
885 598 1341 662 commentatio
1388 601 1454 662 et
1499 596 1633 662 Titi
1678 598 1978 662 Bostreni
2024 621 2170 685 gra-

135 702 470 767 vissimum
513 725 673 788 opus
703 741 787 750 -
815 703 918 768 vel
962 704 1180 788 potius
1227 704 1494 769 dimidia
1539 705 1674 769 eius
1720 705 1853 769 fere
1897 727 2047 789 pars
2076 743 2161 752 —

135 810 273 873 sola
335 813 587 874 servata
649 813 801 874 sunt
863 810 1055 895 idque
1121 811 1338 875 codice
1395 810 1715 876 Genuensi
1770 833 1928 875 saec.
1975 809 2083 875 XI.
2107 809 2163 898 3)

134 915 310 981 Haec
365 920 581 982 autem
637 917 819 1001 quasi
884 918 1161 1002 quodam
1225 919 1628 1004 cognationis
1691 918 1947 982 vinculo
2014 939 2160 981 con-

132 1024 350 1086 iuncta
395 1028 546 1087 sunt
591 1045 737 1088 cum
783 1024 1068 1110 syllegae
1114 1024 1436 1089 Mediceae
1490 1024 1691 1089 libris.
1783 1023 1873 1087 Et
1924 1023 2159 1088 horum

133 1130 303 1193 enim
369 1134 433 1194 et
497 1130 759 1194 illorum
821 1153 895 1195 ea
957 1135 1054 1195 est
1113 1131 1432 1217 condiciO‚
1493 1136 1569 1195 ut
1633 1131 1868 1216 quibus
1930 1131 2158 1194 falsam

131 1258 265 1300 esse
302 1236 824 1302 Manichaeorum
863 1238 1218 1302 doctrinam
1263 1238 1733 1302 demonstretur
1780 1241 2159 1323 argumenta

129 1365 262 1407 non
315 1346 448 1407 tam
504 1366 582 1408 ex
636 1344 821 1408 libris
875 1345 1071 1408 sacris
1125 1348 1505 1429 promantur
1560 1367 1751 1429 quam
1808 1365 1886 1407 ex
1941 1365 2154 1407 rerum

127 1454 359 1513 natura
395 1451 655 1535 vitaque
701 1452 1026 1515 communi
1071 1456 1136 1515 et
1182 1474 1261 1516 ex
1308 1451 1633 1538 cogitandi
1680 1450 2153 1535 disserendique

128 1557 377 1622 ratione
433 1558 862 1623 desumantur.
958 1556 1057 1622 Sit
1101 1557 1224 1622 hoc
1272 1558 1381 1643 ita,
1426 1581 1559 1623 non
1603 1579 1752 1622 sane
1797 1557 2152 1621 necessario

127 1663 274 1727 inde
321 1664 601 1728 efficitur
640 1663 1037 1729 Genuensem
1081 1687 1336 1749 quoque
1383 1665 1699 1750 syllogam
1729 1702 1812 1710 ——
1842 1664 1936 1726 ita
1981 1663 2151 1726 enim

125 1770 317 1835 liceat
371 1771 692 1856 appellare
747 1770 880 1834 Titi
934 1774 1000 1835 et
1056 1769 1425 1855 Serapionis
1480 1793 1673 1855 opera
1728 1809 1811 1816 —
1864 1769 2152 1853 corporis

125 1876 397 1942 Medicei
455 1878 611 1943 olim
665 1878 862 1943 fuisse
925 1881 1201 1964 partem3
1268 1878 1558 1963 quamvis
1612 1877 1748 1942 veri
1812 1876 2019 1941 simile
2083 1876 2151 1940 id

124 2007 259 2049 esse
305 2007 441 2049 rem
488 1985 693 2069 ipsam
739 1985 1054 2070 spectanti
1097 2007 1230 2049 11011
1274 1986 1480 2069 possit
1524 2007 1656 2048 non
1700 1984 1921 2048 videri.
1980 1982 2147 2047 Ecce

122 2095 336 2155 autem
383 2091 851 2156 haesitantibus
895 2091 1085 2156 nobis
1130 2092 1448 2155 succurrit
1482 2090 1774 2155 PhotiuS.
1839 2088 1964 2167 Qui
2001 2111 2147 2153 cum

121 2197 190 2261 in
234 2195 691 2284 bibliotheca4)
738 2197 1106 2263 Heracliani
1152 2198 1356 2283 copiis
1400 2219 1554 2261 usus
1598 2198 1976 2282 praecipuos
2012 2196 2147 2260 Ma-

264 2430 316 2497 1)
354 2425 652 2498 Porphyrii
679 2426 947 2481 Gazensis
991 2443 1118 2481 cum
1155 2426 1302 2480 Iulia
1327 2424 1663 2481 Manichaea
1700 2423 2143 2495 disputationem

119 2530 241 2569 sese
292 2514 499 2570 litteris
554 2515 854 2570 mandasse
905 2518 1103 2569 narrat
1155 2515 1381 2569 Marcus
1447 2512 1715 2568 diaconus
1779 2513 1878 2568 vit.
1934 2512 2138 2581 Porph.

118 2619 164 2657 c.
204 2609 289 2659 88.

262 2694 316 2762 2)
373 2692 604 2762 Sylloga
656 2693 930 2747 librorum
985 2691 1564 2747 antimanichaeorum
1629 2689 1955 2745 recentioris
2012 2689 2141 2743 aevi

116 2780 266 2836 inest
302 2780 485 2835 codici
513 2780 783 2836 Sinaitico
822 2786 926 2837 383
965 2798 1108 2838 saec.
1136 2781 1230 2851 IX,
1269 2779 1368 2850 qui
1404 2780 1654 2835 continet
1684 2777 1850 2833 Pauli
1885 2776 2137 2831 Ioannis-

118 2885 225 2936 que
273 2867 718 2923 Christianorum
764 2887 890 2923 cum
934 2868 1284 2924 Manichaeis
1331 2866 1743 2938 disputationes
1789 2866 2017 2934 aliaque
2062 2865 2135 2919 ab

113 2961 178 3013 A.
199 2956 318 3012 Mai
345 2974 470 3013 nov.
507 2959 734 3027 patrum
761 2957 898 3013 bibl.
930 2957 1008 3012 1V
1037 2963 1069 3012 2
1105 2976 1160 3027 p.
1192 2963 1439 3012 80—110
1486 2973 1554 3011 ex
1591 2954 1784 3012 codice
1821 2953 2004 3010 Vatic.
2052 2971 2134 3023 gr.

117 3051 255 3101 1838
293 3048 357 3117 (s.
395 3046 556 3114 XIV]
563 3048 663 3101 XV
701 3048 765 3100 ut
800 3047 999 3118 fertur)
1037 3045 1209 3116 edita,
1248 3049 1542 3116 praeterea
1583 3046 1715 3115 περὶ
1750 3052 1849 3099 τοῦ
1888 3043 2138 3099 δυσωνύ-

114 3154 220 3202 μου
261 3134 566 3197 Μάνεντος
600 3133 728 3205 (inc.
768 3134 798 3189 ὁ
836 3135 1043 3204 Μάνης
1080 3136 1183 3190 οὐκ
1223 3134 1335 3190 ἔστι
1386 3135 1499 3190 ἀπὸ
1536 3136 1908 3205 Χριστιανῶν)
1954 3132 1992 3188 i.
2032 3131 2134 3201 Cy-

112 3221 230 3273 rilli
263 3220 763 3290 Hierosolymitani
797 3223 1010 3278 catech.
1041 3223 1118 3278 VI
1156 3228 1221 3277 21
1246 3240 1393 3293 sqq.,
1431 3222 1583 3290 quod
1631 3220 1782 3291 fugit
1816 3219 2134 3276 Gardthau-

116 3322 308 3361 senum
347 3308 514 3363 catal.
556 3309 715 3363 codd.
754 3326 937 3379 graec.
977 3310 1371 3365 Sinaiticorum
1411 3328 1465 3380 p.
1497 3315 1563 3364 89
1584 3328 1663 3378 sq.

257 3397 311 3461 3)
351 3394 431 3446 Cf.
471 3398 579 3449 act.
619 3396 942 3451 academiae
978 3398 1357 3453 Berolinensis
1397 3404 1537 3454 1894
1572 3407 1627 3468 Ρ.
1656 3403 1761 3453 479
1782 3416 1901 3468 sqq.

257 3482 311 3547 4)
349 3478 482 3535 Cod.
514 3484 582 3534 85
618 3499 673 3549 p.
703 3481 801 3536 65¹²
839 3484 940 3541 Bk.
991 3485 1401 3543 Commemorat
1436 3486 1843 3558 Hegemonium
1890 3485 1988 3541 τὸν
2033 3484 2136 3548 τὰς
