2484 3800
20 3733 27 3766 ,-

734 136 932 188 ΠΡΟΣ
967 137 1109 187 ΤΑΣ
1144 136 1562 189 MANIXAIOT
1595 132 1839 195 ΔΟΞΑΣ
2250 135 2290 199 9

265 321 332 362 τι
369 298 458 381 μὴ
495 298 763 374 ταύταις
799 296 1182 363 ἀκόλουθον
1214 296 1256 380 ἢ
1295 295 1609 380 λέγεσθαι
1644 296 1685 380 ἢ
1722 298 2129 383 πράττεσθαι
2174 295 2285 363 ὑπ’

267 404 493 469 αὐτῶν
537 407 896 490 συμβαίνῃ·
941 401 1052 469 καὶ
1099 404 1260 489 ὅπερ
1307 405 1377 469 αἱ
1411 405 1589 489 παρὰ
1625 415 1764 480 τοῖς
1802 407 2295 488 φιλοσοφοῦσιν

267 507 425 575 καθ’
464 508 791 594 ’Έλληνας
834 521 969 576 τῶν
1014 508 1417 588 ἀποδείξεων
1461 509 1678 595 ἀρχαί,
1727 511 1797 575 αἱ
1839 509 2189 596 προτάσεις
2225 511 2294 575 αἱ

270 617 525 701 ἄμεσοι,
552 625 750 683 τοῦτο
785 614 938 703 παρ’
975 616 1202 693 αὐτοῖς
1240 615 1423 682 ἐστιν
1447 616 1488 701 ἡ
1518 628 1653 682 τῶν
1686 627 2049 702 προφητῶν
2085 619 2294 701 φωνή.

272 723 569 788 ἐνταῦθα
615 719 689 788 δὲ
734 725 991 788 τούτων
1033 719 1158 808 μὲν
1202 723 1514 789 ἁπάντων
1551 722 2073 808 ἐκβαλλομένων,
2110 728 2294 805 λεγο-
2348 746 2374 786 5

269 829 492 915 μένων
550 826 625 895 δὲ
683 824 779 895 ὧν
836 833 1162 916 πρότερον
1216 830 1643 915 ἐπεμνήσθην
1696 831 1858 895 ἄνευ
1912 831 2093 907 τινὸς
2136 828 2297 896 ἀπο-

272 936 563 1021 δείξεως,
610 936 976 1019 ἀναγκαίου
1030 933 1105 1001 δὲ
1151 938 1344 1013 ὄντος
1388 939 1548 1021 μετὰ
1594 939 1800 1019 λόγου
1841 933 1848 1022 Ι
1889 939 2297 1021 ποιήσασθαι
2316 943 2466 999 f.181

270 1044 396 1127 τὴν
440 1042 814 1128 ἀπόκρισιν,
850 1043 1017 1110 ἀλλὰ
1053 1044 1141 1128 μὴ
1185 1043 1615 1128 πιθανώτερα
1659 1041 1849 1128 ἕτερα
1892 1051 2298 1128 παραθεῖναι

270 1147 382 1214 καὶ
427 1155 684 1234 μᾶλλον
726 1160 1151 1235 ψυχαγωγεῖν
1195 1150 1555 1235 δυνάμενα,
1592 1149 2010 1235 χαλεπωτέρα
2053 1149 2094 1234 ἡ
2143 1154 2298 1236 ἔφο-

273 1258 392 1333 δος
443 1255 553 1321 καὶ
608 1259 705 1321 ἔτι
762 1261 1018 1341 μᾶλλον
1076 1253 1567 1340 δυσκολωτέρα,
1627 1256 1729 1321 ὅτι
1785 1254 1897 1321 καὶ
1954 1262 2300 1335 ποικίλους
2326 1282 2377 1321 10

269 1366 430 1440 τοὺς
465 1366 709 1446 λόγους
743 1368 1085 1427 ποιεῖσθαι
1121 1362 1240 1427 δεῖ.
1305 1367 1435 1426 εἴτε
1472 1362 1599 1447 γὰρ
1637 1360 2111 1449 ἀκριβέστεροι,
2142 1367 2299 1441 τοὺς

269 1470 404 1535 ὑπὸ
477 1470 734 1535 τούτων
805 1469 968 1533 ἄνευ
1030 1469 1213 1544 τινὸς
1274 1471 1553 1544 πίστεως
1614 1469 2301 1555 προκατειλημμένους

272 1579 554 1643 λάθοιεν
599 1577 709 1640 ἄν·
756 1581 884 1640 εἴτε
931 1577 1025 1651 εἰς
1070 1578 1503 1659 ψυχαγωγίαν
1538 1574 1864 1660 γένοιντο,
1902 1578 1996 1653 εἰς
2031 1577 2148 1653 τὰς
2182 1576 2299 1641 αὐ-

271 1687 390 1760 τὰς
428 1683 634 1766 λαβὰς
671 1680 1129 1766 ἐμπεσοῦνται,
1159 1679 1223 1759 ἐξ
1254 1681 1505 1765 ὁμοίων
1530 1682 1658 1767 γὰρ
1695 1679 2040 1764 γεγονέναι
2069 1681 2300 1761 δόξου-

274 1807 403 1855 σιν.
495 1790 602 1855 διὸ
648 1793 897 1872 πολλῆς
941 1785 1052 1852 καὶ
1097 1788 1382 1872 μεγάλης
1428 1790 1788 1873 φροντίδος
1833 1790 1937 1854 δεῖ
1979 1788 2089 1854 καὶ
2130 1796 2298 1855 θεοῦ
2328 1811 2380 1851 15

274 1899 363 1975 ὡς
410 1895 699 1980 ἀληθῶς,
745 1893 820 1971 ὃς
864 1903 985 1960 τοῦ
1030 1896 1238 1977 λόγου
1282 1893 1612 1979 ἡγήσεται.

405 2001 503 2068 VI
565 2002 715 2068 Δύο
771 2002 975 2088 ἀρχὰς
1018 2000 1433 2085 ὑποτίθεται,
1477 2003 1646 2068 θεὸν
1680 1999 1791 2066 καὶ
1826 2002 2013 2086 ὕλην.
2084 2004 2142 2068 εἰ
2177 1999 2300 2087 μὲν

272 2113 348 2177 τὸ
415 2112 816 2193 γιγνόμενον
877 2117 997 2173 τοῦ
1071 2109 1265 2184 ὄντος
1336 2108 1788 2193 ἀποχωρίζων,
1862 2109 1985 2194 οὐχ
2057 2109 2299 2193 ὁμοίως

275 2217 501 2302 φαύλη
556 2215 596 2299 ἡ
651 2216 1004 2298 ὑπόθεσις,
1060 2215 1173 2279 ἵνα
1225 2216 1385 2299 μήτε
1430 2214 1470 2298 ἡ
1516 2215 1643 2298 ὕλη
1691 2214 1932 2300 ἑαυτὴν
1977 2225 2134 2301 ποιῇ
2188 2212 2299 2279 καὶ

276 2325 398 2389 τὸν
442 2334 576 2388 τῶν
623 2320 944 2387 ἐναντίων
988 2319 1385 2405 ἀποδέχηται
1441 2324 1673 2406 λόγον,
1727 2323 2013 2388 ποιοῦσά
2066 2345 2136 2386 τε
2188 2319 2299 2386 καὶ
2328 2346 2382 2386 20

275 2431 651 2515 πάσχουσα,
705 2426 850 2512 μήτ’
888 2423 972 2495 αὗ
1020 2436 1292 2494 τοιαῦτα
1345 2428 1548 2493 πάλιν
1592 2426 1781 2514 ἕτερα
1833 2425 1986 2514 περὶ
2034 2429 2108 2493 τὸ
2154 2449 2300 2492 ποι-

426 2625 492 2675 15
549 2620 617 2676 ef.
663 2636 877 2674 morem
922 2618 1176 2674 Platonis
1230 2619 1293 2673 in
1348 2619 1706 2689 suscipienda
1749 2635 1933 2673 rerum
1985 2618 2302 2673 difficilium

278 2692 667 2761 disputatione
704 2691 839 2745 deos
888 2688 1206 2745 invocantis
1243 2690 1584 2754 (Stallbaum
1632 2691 1704 2744 ad
1740 2689 1956 2746 Phileb.
1996 2690 2112 2759 25¹²,
2149 2689 2298 2760 legg.

280 2762 437 2833 893b)
486 2765 546 2817 et
588 2760 1006 2816 Platonicorum
1050 2761 1206 2815 velut
1249 2761 1503 2816 Philonis
1550 2762 1620 2816 de
1665 2762 1863 2818 incorr.
1908 2761 2104 2815 mundi
2157 2760 2300 2824 init„

277 2832 546 2889 Numenii
583 2850 618 2887 a
659 2833 735 2885 ud
770 2832 972 2888 Euseb.
1011 2850 1093 2902 pr.
1132 2849 1215 2887 ev.
1246 2832 1325 2887 XI
1363 2837 1429 2886 18
1483 2852 1536 2901 p.
1569 2839 1718 2904 537⁸,
1772 2831 1986 2887 Plotini
2032 2839 2099 2899 (e.
2130 2851 2182 2903 g.
2225 2832 2302 2886 lV

283 2912 332 2975 9,
361 2912 436 2974 4),
472 2903 633 2960 lamb
662 2902 774 2957 ‘chi
807 2921 859 2959 v.
887 2903 1052 2973 Pyth.
1081 2902 1228 2971 init„
1266 2902 1534 2958 Aristidis
1573 2902 1909 2969 Quintiliani
1938 2904 1960 2956 I
1991 2908 2040 2970 3,
2080 2902 2300 2972 Syriani

279 2976 443 3047 proll.
492 2992 688 3031 eomm.
735 2973 796 3027 in
839 2974 1128 3056 Hermog.,
1174 2974 1362 3029 Procli
1410 2974 1472 3028 in
1513 2974 1831 3031 Parmenid.
1869 2977 1929 3029 et
1971 2973 2033 3027 in
2081 2973 2297 3029 Euclid.

280 3048 445 3117 proll.
483 3047 526 3117 Ι,
564 3044 841 3116 Simplicii
877 3045 938 3098 in
972 3045 1205 3101 Aristot.
1246 3046 1315 3100 de
1353 3045 1544 3099 anima
1581 3048 1654 3104 al.

425 3230 457 3279 2
497 3224 791 3295 συμβαίνει
826 3222 886 3275 Μ
1099 3226 1131 3275 3
1179 3221 1476 3292 προτάσεις
1512 3222 1770 3292 ὃιάμεσοι
1823 3221 1907 3278 M:
1964 3220 2178 3275 correxi
2232 3221 2299 3276 el.

280 3295 515 3351 Aristot.
555 3293 703 3350 anal.
741 3295 886 3363 post.
923 3293 949 3347 I
986 3299 1018 3348 2
1054 3311 1110 3361 p.
1144 3298 1279 3346 72⁸7
1320 3295 1379 3347 et
1425 3292 1546 3348 sim.
1793 3298 1856 3346 11
1899 3294 2011 3346 οἵτε
2050 3293 2109 3345 et
2147 3297 2213 3344 13
2253 3290 2306 3345 εἰ

283 3366 372 3421 ὅτε
410 3366 494 3420 M:
535 3368 645 3420 εἴτε
682 3367 920 3432 utroque
957 3363 1083 3418 loeo
1122 3363 1323 3433 scripsi
1366 3364 1638 3417 suadente
1677 3361 1849 3416 etiam
1887 3360 2230 3416 Buechelero

285 3444 352 3492 14
390 3437 719 3503 δοξάζουσιν
755 3435 838 3491 M:
878 3434 1139 3502 δόξουσιν
1177 3432 1378 3502 scripsi
1539 3438 1619 3490 ‚17
1655 3434 2025 3487 ὑποτίθενται
2061 3431 2144 3484 M:
2183 3449 2301 3486 cor-

280 3509 417 3579 rexi,
457 3509 525 3563 cf.
565 3503 925 3577 ἀποχωρίζων
962 3506 998 3561 l.
1032 3509 1097 3558 18
1135 3509 1194 3559 et
1229 3506 1404 3558 αὐτοῦ
1445 3507 1531 3573 10,
1558 3508 1593 3556 4
