2484 3800
213 90 317 145 XX

1023 90 1428 142 PRAEFATIO

437 253 668 317 ἱκανὸν
712 246 798 335 ἦν
841 250 1085 334 πλῆξαί
1125 273 1194 316 τε
1239 252 1397 326 τοὺς
1444 249 1788 325 ἐναντίους

211 340 427 434 ξ’ἧωο
439 358 692 438 ξενίζον
737 357 940 435 αὐτὰς
985 359 1101 434 τὰς
1146 356 1534 443 ἀσωμάτους
1580 357 1815 440 φύσεις
1855 353 1863 440 Ι

25 471 203 527 f.169v

215 907 317 957 155

220 1440 322 1489 160
358 1439 364 1448 ’

223 1971 323 2020 165

225 2504 327 2552 170

229 3037 328 3085 175

445 463 555 530 καὶ
600 463 970 551 προξενοῦν
1013 465 1093 529 τὰ
1138 470 1297 530 θεῖα
1340 473 1476 528 τῶν
1519 462 1906 548 ἀνακτόρων

431 572 639 655 κάλλη
684 578 942 654 θεαυγῆ
988 581 1122 636 τῶν
1166 572 1429 656 βροτῶν
1473 568 1806 655 ὑπέρτερα

433 677 719 761 εὐωχίαν
763 700 832 742 τε
877 678 1001 760 τὴν
1047 677 1563 761 διηνεκεστάτην

435 783 786 870 ἀκηράτοις
833 784 1113 848 ἵκουσαν
1160 782 1234 848 ἐν
1282 781 1607 861 διεξόδοις

435 893 708 977 κρείττω
754 914 823 956 τε
868 892 1139 955 πάντων
1184 891 1542 976 ὠραϊσμῶν
1586 888 1943 976 ὁρωμένων

434 995 544 1062 καὶ
591 1008 728 1061 τῶν
773 996 1085 1062 ἁπάντων
1129 1008 1467 1080 κοσμικῶν
1513 994 1871 1082 ἀνωτέραν.

434 1113 625 1180 ποῖος
671 1106 871 1180 τόπος
914 1105 1042 1190 γὰρ
1090 1103 1170 1168 οὐ
1216 1102 1401 1187 γέμει
1450 1103 1860 1189 δωρημάτων

436 1221 572 1275 τῶν
616 1218 737 1275 τοῦ
782 1213 1080 1276 θεόπτου
1125 1211 1452 1275 δεσπότου
1499 1212 1885 1288 Βασιλείου;

436 1318 862 1403 πραιτωρίων
907 1313 1030 1400 μὲν
1076 1317 1140 1381 οἱ
1185 1320 1379 1382 τόποι
1426 1314 1875 1400 πεπλησμένοι

438 1424 642 1488 πάλαι
687 1445 757 1488 τε
801 1421 911 1488 καὶ
957 1431 1087 1488 νῦν
1131 1420 1242 1487 καὶ
1288 1424 1363 1487 τὸ
1409 1421 1654 1507 μέλλον
1699 1424 1793 1498 εἰς
1836 1420 2023 1498 τέλος

438 1528 513 1593 έν
556 1527 768 1616 ἡμέρᾳ
811 1526 922 1594 καὶ
968 1527 1161 1594 νυκτὶ
1205 1532 1586 1613 βλυζόντων
1632 1530 1927 1614 σφόδρα,

439 1637 730 1718 ἄβυσσος
776 1637 991 1701 ὄντων
1035 1637 1351 1720 μηδαμῶς
1394 1634 1758 1720 κενουμένη
1781 1655 1796 1669 ·

437 1741 547 1806 καὶ
593 1751 720 1818 πᾶς
764 1764 864 1818 τις
910 1742 1109 1818 ἄλλος
1157 1741 1614 1826 ἐνδεουμένων
1657 1745 1857 1819 τόπος

437 1850 694 1935 πλήρης
739 1846 1067 1914 δέδεικται
1115 1849 1443 1914 δεσπότου
1490 1852 1849 1915 Βασιλείου

441 1964 556 2039 τῆς
603 1956 1053 2042 εὐσεβουργοῦ
1097 1962 1464 2032 παντελοῦς
1511 1956 1838 2033 εὐποιίας·

441 2060 552 2127 καὶ
597 2061 787 2149 μέχρι
833 2064 1103 2127 πάντων
1151 2062 1452 2147 ἐμβόλων
1495 2064 1617 2146 τὴν
1660 2065 1991 2129 πλουσίαν

440 2168 941 2253 ὑπεκπροτείνει
987 2179 1359 2253 παμφανῶς
1404 2167 1910 2253 εὐσπλαγχνίαν.

442 2274 610 2360 πρὸς
654 2283 861 2339 ταῦτα
905 2277 1168 2352 πάντως
1213 2276 1389 2352 εἰκός
1436 2274 1615 2340 ἐστιν
1663 2274 1987 2360 ἐκφράσαι

440 2383 599 2457 τοὺς
643 2379 966 2463 ἀγγέλους
1011 2384 1281 2447 ἄνωθεν
1327 2381 1580 2469 εὐλόγῳ
1628 2384 1803 2469 λόγῳ

445 2498 673 2571 σαφῶς
717 2488 792 2551 τὸ
841 2488 1044 2572 ῥητὸν
1086 2497 1207 2554 τοῦ
1253 2490 1457 2554 πάλαι
1503 2491 1915 2574 Κορνηλίου·

446 2592 545 2659 ξοἱ
592 2592 699 2660 σοὶ
743 2591 867 2679 μὲν
913 2597 1248 2682 οἰκτιρμοί
1288 2620 1357 2661 τε
1401 2594 1512 2661 καὶ
1558 2594 1760 2680 μέγας
1803 2599 1997 2671 τόνος

444 2711 579 2766 τῶν
624 2713 762 2765 σῶν
805 2713 1196 2788 προσευχῶν
1241 2702 1316 2767 ἐν
1359 2704 1688 2789 προσώπω
1732 2705 1973 2788 κυρίου

447 2808 541 2883 εἰς
588 2806 883 2892 οὐρανὸν
926 2815 1320 2894 προσῆλθον
1363 2807 1620 2895 ἀπτέρῳ
1671 2809 1853 2892 τάχει

445 2914 612 2998 πρὸς
659 2915 784 2997 σὴν
829 2917 1118 2999 ἄληστον
1161 2915 1695 3000 μνημονευτικὴν
1738 2916 1937 3001 χάριν

446 3021 541 3096 εἰς
585 3022 741 3096 τοὺς
788 3020 1104 3107 ἀπείρους
1148 3019 1260 3086 καὶ
1307 3022 1630 3104 διηνεκεῖς
1675 3022 1959 3107 χρόνους

447 3127 725 3192 αἰώνιον
769 3130 1020 3212 μισθόν
1064 3152 1134 3194 τε
1179 3126 1290 3193 καὶ
1338 3127 1707 3214 σωτηρίαν.’

446 3244 638 3310 ποῖος
683 3235 922 3319 βροτὸς
965 3237 1198 3311 πόνοις
1246 3231 1319 3299 δὲ
1366 3232 1918 3320 συμπεφυρμένος

375 3461 476 3510 170
516 3457 634 3511 Act.
676 3460 855 3527 apost.
899 3465 984 3531 10,
1015 3466 1082 3516 30
1105 3478 1224 3530 sqq.
