2484 3800
189 107 275 172 28
663 103 1159 166 ΑΔΕΞΔΝΔΡΟΤ
1194 107 1746 160 ΛΤΚΟΠΟΛΙΤΟΤ

189 270 534 354 δυνάμεως
568 268 680 334 καὶ
717 278 832 353 τῆς
866 269 1048 353 ὕλης.
1112 267 1237 333 XX
1276 267 1401 351 ἐγὼ
1440 266 1514 334 δὲ
1549 270 1727 355 παρὰ
1763 269 1978 334 πάντα
2012 279 2229 336 ταῦτα

189 377 504 461 θαυμάζω
563 387 703 452 πῶς
757 375 881 441 οὐκ
936 376 1377 441 αἰσθάνονται
1436 376 1814 459 σωματικὴν
1868 385 2228 453 ποιοῦντες

189 483 312 565 τὴν
366 486 566 547 θείαν
621 481 913 565 δύναμιν
964 479 1075 545 καὶ
1129 479 1480 565 τέμνοντες
1532 483 1836 568 καθάπερ
1894 483 1975 547 τὰ
2034 482 2222 567 μέρη.

190 589 304 653 διὰ
348 591 420 653 τί
460 592 586 675 γὰρ
634 588 756 673 οὐχ
800 588 928 671 ὕλη
973 587 1085 652 καὶ
1129 587 1169 671 ἡ
1215 591 1374 653 θεία
1420 589 1735 672 δύναμις,
1792 589 1849 653 εἰ
1903 590 1987 672 δή
2040 589 2228 655 ἐστιν

136 719 161 758 5
189 697 454 780 παθητὴ
500 695 610 761 καὶ
657 697 952 783 διαιρετὴ
1001 695 1099 780 [η]
1148 697 1262 760 διὰ
1306 695 1520 779 πάσης
1573 694 1775 778 αὐτῆς
1819 694 1929 760 καὶ
1975 697 2049 760 τὸ
2095 695 2228 781 μέν

188 826 255 868 τι
309 802 511 886 αὐτῆς
563 807 818 886 γίνεται
870 804 1086 887 ἥλιος,
1140 804 1215 868 τὸ
1273 800 1348 868 δὲ
1405 806 1673 887 σελήνης
1728 810 2040 889 καθαρῶς
2089 805 2220 890 γὰρ

187 918 397 974 ταῦτα
442 905 620 974 εἷναί
660 926 870 994 φασιν
913 917 1028 992 τῆς
1072 912 1265 985 θείας
1309 911 1667 994 δυνάμεως.
1750 918 1946 975 τοῦτο
2006 906 2079 974 δὲ
2132 905 2221 992 ἦν

190 1016 225 1082 ὃ
276 1014 586 1100 ε’λέγομεν
633 1017 814 1081 ἴδιον
857 1025 973 1099 τῆς
1025 1015 1189 1099 ὕλης
1243 1010 1445 1099 εἶναι,
1500 1017 1575 1081 τὸ
1633 1014 1843 1100 μηδέν
1887 1041 1951 1081 τι
2007 1010 2226 1080 οὖσαν

189 1122 345 1190 καθ’
384 1121 626 1206 ἑαυτὴν
661 1120 1025 1206 δεχομένην
1058 1118 1135 1187 δὲ
1178 1123 1260 1187 τὰ
1305 1125 1601 1206 σχήματα
1644 1120 1754 1187 καὶ
1800 1124 1917 1199 τὰς
1951 1125 2221 1206 ποιότη-

115 1255 168 1295 10
193 1254 310 1307 τας
361 1232 577 1295 πάντα
629 1232 983 1312 γίγνεσθαι
1038 1231 1118 1294 τὰ
1168 1227 1589 1315 διωρισμένα.
1680 1231 1739 1295 εἰ
1786 1225 1911 1295 οὗν
1956 1230 2045 1305 ὡς
2092 1228 2211 1314 ἀφ’

194 1335 343 1413 ἑνὸς
387 1335 828 1420 ὑποκειμένου
882 1345 998 1418 τῆς
1051 1339 1245 1413 θείας
1299 1337 1641 1420 δυνάμεως
1686 1340 1898 1421 μόνον
1942 1335 2232 1418 γέγονεν

195 1443 379 1526 ἥλιος
415 1441 524 1508 καὶ
563 1446 825 1527 σελήνη,
862 1452 1067 1508 ταῦτα
1117 1439 1192 1507 δὲ
1236 1441 1427 1528 ἕτερα
1474 1441 1585 1507 καὶ
1623 1441 1832 1529 ἕτερα,
1869 1444 1983 1508 διὰ
2027 1445 2099 1507 τί
2129 1443 2218 1526 μὴ

193 1547 309 1629 καὶ,
357 1550 519 1614 ἄλλο
566 1572 631 1613 τι
683 1548 979 1633 γένηται;
1031 1551 1090 1615 εἰ
1134 1545 1209 1613 δὲ
1254 1550 1470 1613 πάντα
1514 1552 1888 1633 γενήσεται,
1933 1551 2007 1613 τὸ
2056 1566 2226 1633 συμ-

194 1660 435 1741 βαῖνον
488 1659 813 1742 φανερόν,
878 1657 980 1722 ὅτι
1034 1656 1074 1739 ἡ
1131 1659 1289 1721 θεία
1352 1656 1634 1740 δύναμις
1691 1655 1819 1739 ὕλη
1864 1654 1975 1720 καὶ
2031 1655 2221 1739 αὐτή,

114 1785 167 1825 15
192 1765 360 1850 πρὸς
404 1765 484 1828 τὰ
529 1766 824 1847 σχήματα
877 1761 1261 1846 ποιουμένη.
1336 1763 1392 1826 εἰ
1447 1758 1522 1826 δὲ
1577 1758 1778 1827 οὐδὲν
1823 1759 2050 1848 ἕτερον
2094 1761 2233 1846 <ἢ>

15 1870 377 1954 ,.16οἤλιος
438 1868 548 1935 καὶ
613 1873 855 1955 σελήνη
928 1870 1009 1935 τὰ
1078 1868 1148 1934 ἐκ
1210 1876 1326 1952 τῆς
1398 1870 1590 1946 θείας
1663 1869 2007 1954 δυνάμεώς
2080 1868 2221 1934 ἐστι

190 1979 580 2061 γιγνόμενα,
643 1979 724 2042 τὰ
788 1975 1312 2061 ἐναπειλημμένα
1376 1978 1504 2061 ἄρα
1565 1985 1771 2040 πᾶσιν
1823 1987 1963 2052 τοῖς
2023 1971 2226 2041 οὖσιν

189 2085 378 2167 ἥλιός
424 2083 605 2149 ἐστιν
648 2082 758 2148 καὶ
797 2086 1036 2167 σελήνη
1075 2081 1184 2148 καὶ
1222 2081 1493 2159 ἕκαστος
1529 2094 1664 2147 τῶν
1701 2082 1995 2169 ἀστέρων
2031 2084 2233 2166 ἥλιός

193 2190 373 2255 ἐστιν
416 2189 527 2255 καὶ
574 2194 814 2274 σελήνη
851 2189 893 2274 ἢ
929 2191 1003 2255 τὸ
1050 2187 1300 2277 ἕτερον,
1344 2187 1454 2254 καὶ
1499 2200 1633 2254 τῶν
1669 2193 1997 2276 χερσαίων
2034 2188 2219 2277 ζῴων

112 2319 164 2360 20
191 2296 353 2362 καθ’
405 2294 683 2362 ἕκαστον
744 2295 856 2362 καὶ
923 2307 1059 2361 τῶν
1129 2307 1400 2380 πτηνῶν
1470 2294 1580 2360 καὶ
1652 2307 1787 2361 τῶν
1860 2295 2219 2381 ἀμφιβίων.

190 2412 397 2468 ταῦτα
454 2400 528 2468 δὲ
584 2404 687 2468 ὅτι
741 2399 899 2468 οὐδὲ
955 2403 1019 2467 οἱ
1072 2404 1153 2467 τὰ
1199 2403 1511 2486 θαύματα
1557 2403 1937 2479 δεικνύντες
1981 2401 2234 2468 ἀποδέ-

192 2509 415 2588 ξαιντο
463 2512 567 2594 ἄν,
615 2505 796 2594 οἶμαι
842 2512 1048 2574 παντί
1086 2533 1178 2597 τῳ
1223 2510 1433 2592 δῆλον
1478 2502 1667 2573 εἶναι.

323 2615 479 2680 XXI
551 2618 639 2681 Τὸ
695 2613 771 2681 δὲ
825 2618 986 2701 μετὰ
1031 2626 1236 2681 ταῦτα
1293 2601 1770 2680 ἐπισκοποῦσιν
1815 2613 1938 2680 οὐκ
1986 2615 2224 2680 εὐθεῖα

190 2724 230 2808 ἡ
279 2724 436 2801 ὁδὸς
480 2722 648 2789 ἀλλὰ
693 2722 1143 2809 δυσαντοτέρα
1187 2731 1303 2806 τῆς
1347 2721 1831 2808 παρελθούσης.
1905 2720 2237 2804 λέγουσιν

334 2993 369 3041 4
407 2987 531 3057 εἴδη
568 2986 628 3040 Μ
771 2991 803 3040 5
843 2983 990 3058 [η’ῘΟ]
1030 2985 1139 3041 del.
1180 2985 1221 3040 C
1368 2992 1399 3040 6
1437 2985 1476 3041 f.
1515 2989 1779 3054 καθαρᾶς
1816 2985 1885 3040 cf.
1924 2990 2009 3056 38,
2041 2992 2110 3040 20

193 3063 258 3112 13
313 3054 570 3128 γένηταιε
636 3057 706 3113 of.
761 3057 996 3126 Diogen.
1064 3055 1487 3112 Oenoandensis
1552 3062 1726 3124 (mue.
1781 3055 1958 3112 Rhen.
2018 3057 2217 3111 XLVII

188 3148 244 3199 p.
264 3132 391 3199 445)
429 3130 722 3200 ζητο]ῢμεν
757 3128 869 3197 ἤδη
906 3137 1025 3190 πῶς
1062 3128 1092 3183 ὁ
1130 3129 1252 3200 βίος
1287 3127 1444 3197 ἡμῶν
1480 3126 1620 3195 ἡδὺς
1646 3125 1877 3197 γένηται
1996 3132 2062 3182 15
2093 3147 2219 3183 ποι-

192 3199 426 3270 ουμένης
465 3201 772 3255 secundum
807 3200 1017 3269 figuras
1056 3199 1338 3269 accipiens
1376 3198 1702 3268 qualitate5‚
1740 3198 1814 3251 ab
1844 3215 1909 3253 οο
1939 3199 2092 3267 quod.
2129 3201 2229 3253 esf»

189 3276 502 3326 ποιοῢσθαι
681 3269 803 3344 <ἢ>
843 3270 972 3325 add.
1013 3269 1054 3323 C
1235 3276 1305 3324 24
1342 3267 1747 3339 δυσαντοτέραε
1795 3268 1864 3325 of.
1902 3270 2216 3340 ὑγιώτερος,

191 3340 624 3409 προσηνότερος,
669 3342 1172 3411 παιδοφιλώτερος,
1220 3339 1733 3411 φιλομεμφότατος,
1785 3339 2227 3412 ὁλοσχερώτερος

195 3408 416 3529 (Νᾶὲιιιίὶ
452 3411 738 3479 Aristoph.
776 3413 906 3479 Byz.
945 3411 1145 3481 fragm.
1183 3430 1236 3482 p.
1267 3418 1336 3469 47
1376 3412 1505 3468 adn.
1537 3417 1622 3480 54,
1659 3411 1863 3468 Philol.
1901 3413 1977 3467 IV
2023 3431 2080 3482 p.
2112 3416 2225 3465 199

194 3492 229 3528 a
311 3519 321 3530 .
389 3485 407 3544 )
