2484 3800
1085 121 1487 173 PRAEFATIO
2147 118 2304 175 XXV

281 282 587 368 fugerant
631 283 890 367 suisque
942 281 1195 369 legibus
1252 286 1317 346 et
1369 282 1686 346 institutis
1731 283 1833 346 usi
1877 305 2110 347 novam
2157 284 2308 348 civi-

281 393 484 452 tatem
540 388 969 453 condiderant.
1059 386 1248 453 Unde
1305 386 1765 452 Saracenorum
1821 389 2078 454 auxiliis
2133 391 2306 454 aucti

283 499 347 559 et
408 493 770 558 confirmati
824 494 1065 558 crebris
1128 494 1603 558 incursionibus
1667 495 1869 559 totius
1925 496 2059 560 fere
2113 495 2307 561 Asiae

281 623 473 687 agros
518 601 872 687 vastabant,
916 601 1108 666 urbes
1154 601 1561 687 diripiebant,
1607 606 1836 666 cuncta
1880 602 2196 667 ducebant
2241 607 2307 667 et

281 707 641 772 trahebant.
723 707 950 792 Neque
994 708 1174 793 prius
1218 708 1342 773 hoc
1387 709 1744 792 periculum
1790 710 2145 774 extinctum
2192 713 2305 795 est,

284 837 478 900 quam
541 815 712 879 bello
774 816 992 900 plures
1052 837 1167 899 per
1239 838 1440 880 annos
1512 816 1778 900 ancipiti
1841 817 2049 881 Marte
2121 820 2303 903 gesto

284 920 755 1005 Chrysocheres
809 921 939 985 dux
993 922 1367 986 interfectus
1422 926 1487 987 et
1546 922 1887 1007 praecipua
1941 945 2162 987 eorum
2209 944 2306 987 ca-

279 1028 470 1092 stella
514 1032 880 1115 expugnata
933 1032 1099 1093 sunt.
1193 1027 1380 1105 Quod
1422 1029 1667 1093 factum
1713 1050 1847 1093 esse
1893 1030 2149 1094 videtur
2194 1034 2308 1094 aut

280 1157 333 1201 a.
385 1138 510 1201 871
571 1139 681 1199 aut
735 1157 867 1199 non
928 1135 1134 1198 multo
1198 1138 1362 1219 post.
1381 1132 1433 1221 ¹)
1507 1134 1747 1199 Versus
1810 1135 2015 1222 igitur
2071 1136 2305 1221 quibus

280 1244 528 1307 instans
575 1245 687 1305 aut
732 1242 1012 1327 flagrans
1056 1244 1210 1305 tunc
1266 1241 1507 1306 bellum
1560 1241 2078 1307 Paulicianorum
2134 1265 2305 1327 spec-

279 1353 485 1433 tatur,
543 1348 712 1411 inter
765 1370 1002 1412 annum
1060 1349 1186 1413 867
1235 1351 1302 1411 et
1360 1349 1484 1413 871
1548 1348 1943 1433 conscriptos
2007 1372 2141 1414 esse
2199 1372 2304 1414 ne-

280 1478 454 1520 cesse
501 1458 612 1519 est.
636 1451 689 1541 2)

412 1561 640 1645 Neque
686 1582 837 1624 vero
893 1564 1047 1623 tunc
1102 1560 1297 1623 armis
1352 1560 1753 1625 solummodo
1801 1561 2101 1626 adversus
2146 1562 2305 1626 istos

278 1671 639 1754 pugnatum
695 1671 807 1731 est.
898 1665 1091 1730 Haud
1145 1666 1316 1729 enim
1371 1666 1577 1730 multo
1629 1671 1775 1731 ante
1823 1691 2014 1752 quam
2061 1669 2130 1732 in
2176 1669 2304 1733 exi-

279 1777 444 1840 lium
505 1774 738 1838 missus
803 1777 899 1837 est
962 1770 1046 1859 (a.
1095 1769 1255 1860 867)
1277 1769 1331 1860 3)
1393 1772 1666 1838 Photius
1738 1775 2101 1858 patriarcha
2173 1780 2305 1840 tres

281 1881 644 1966 composuit
697 1878 899 1944 libros
955 1878 1188 1963 quibus
1241 1878 1410 1944 unde
1466 1882 1608 1945 orta
1662 1883 1827 1945 esset
1882 1885 2054 1946 secta
2106 1882 2304 1967 expli-

280 2095 387 2146 μον
418 2073 513 2129 καὶ
542 2071 937 2141 κατασφάξατε
967 2071 1187 2139 αὐτούς,
1216 2073 1282 2125 ut
1310 2072 1393 2126 ait
1417 2072 1617 2128 Petrus
1649 2072 1867 2128 Siculus
1894 2073 2026 2129 hist.
2056 2073 2302 2130 Manioh.

282 2181 327 2220 c.
360 2168 424 2217 21
466 2166 603 2218 extr.

426 2256 478 2322 1)
523 2252 606 2307 De
652 2249 854 2305 Basilii
903 2266 1027 2304 cum
1072 2249 1419 2305 Paulicianis
1473 2250 1623 2304 bello
1679 2250 1748 2306 cf.
1798 2250 1996 2320 Georg.
2044 2252 2301 2308 monach.

281 2340 490 2396 contin.
538 2358 591 2410 p.
634 2344 735 2393 756
767 2356 850 2406 sq.
898 2337 1152 2406 Muralt.,
1198 2337 1427 2393 Genesii
1469 2355 1769 2407 regnorum
1814 2339 1850 2394 1.
1888 2340 1966 2393 IV
2010 2360 2065 2410 p.
2097 2346 2199 2395 115
2246 2344 2307 2396 et

283 2436 386 2485 120
408 2446 529 2498 sqq.
567 2429 761 2495 Bonn.‚
800 2426 1086 2483 Constant.
1114 2426 1318 2496 Porph.
1357 2445 1409 2481 v.
1440 2425 1641 2481 Basilii
1676 2430 1766 2497 (=
1785 2427 2032 2497 Theoph.
2064 2432 2210 2484 cont.
2231 2430 2304 2501 V)

282 2536 328 2575 c.
357 2524 596 2585 37—43,
635 2533 670 2570 a
716 2515 920 2585 quibus
958 2532 1148 2569 omnes
1199 2514 1537 2584 posteriores
1574 2515 1817 2585 pendere
1854 2519 2005 2571 totos
2044 2517 2308 2587 exposuit

281 2608 441 2672 Ferd.
479 2605 684 2660 Hirsch
728 2606 967 2675 Byzant.
1008 2603 1239 2659 Studien
1290 2607 1361 2673 (v.
1408 2621 1461 2672 p.
1494 2609 1596 2658 169
1618 2622 1739 2672 sqq.
1788 2610 1892 2659 248
1913 2609 2073 2676 sqq.).
2150 2607 2303 2673 Quae

281 2714 466 2752 rerum
508 2693 875 2749 Arabicarum
914 2692 1212 2761 scriptores
1249 2692 1484 2747 tradunt
1527 2711 1578 2749 v.
1617 2694 1770 2762 apud
1805 2693 1954 2749 Weil
1994 2696 2305 2752 Geschichte

279 2788 377 2842 der
414 2785 649 2851 Kalife‘n
684 2783 736 2836 ΙΙ
771 2801 826 2852 p.
856 2786 961 2836 470
982 2799 1102 2850 sqq.

426 2876 481 2944 2)
526 2872 763 2927 Carmen
814 2871 1030 2925 factum
1085 2886 1207 2924 esse
1252 2887 1365 2924 non
1419 2869 1597 2923 multo
1652 2855 1783 2939 post
1837 2889 2006 2940 quam
2060 2872 2305 2927 Basilius

279 2977 516 3032 regnare
564 2958 835 3030 coeperit,
873 2958 1047 3013 etiam
1094 2976 1161 3013 ex
1207 2958 1466 3013 omnibus
1504 2975 1648 3026 quae
1690 2959 1759 3014 de
1806 2959 1961 3014 illius
1998 2960 2304 3016 virtutibus

279 3050 546 3105 dicuntur
581 3047 829 3103 dilucide
867 3049 1118 3117 apparet.

425 3142 481 3210 3)
519 3137 599 3194 Cf.
638 3137 892 3206 διήγησις
926 3135 1056 3205 περὶ
1081 3144 1178 3206 τῆς
1203 3132 1543 3206 Μανιχαίων
1580 3135 2039 3209 ἀναβλαστήσεως
2066 3154 2189 3206 cap.
2211 3143 2299 3193 27.

281 3226 560 3294 Quoniam
603 3242 732 3279 mox
775 3224 1132 3279 interituram
1178 3241 1300 3279 esse
1348 3226 1559 3279 sectam
1608 3224 1930 3293 praedicere
1975 3241 2143 3279 ausus
2198 3227 2302 3294 est,

281 3315 578 3386 scripsisse
623 3313 848 3369 videtur
892 3330 1001 3383 quo
1049 3315 1301 3382 tempore
1346 3312 1461 3368 iam
1507 3311 1719 3367 maiore
1767 3316 2046 3381 apparatu
2091 3313 2303 3367 bellum

278 3405 607 3475 parabatur.
665 3402 730 3459 V.
760 3402 934 3457 etiam
959 3402 1411 3472 Hergenroether
1438 3401 1670 3457 Photios
1695 3401 1994 3457 Patriarch
2028 3418 2136 3457 von
2166 3401 2304 3459 Gon-

278 3493 616 3563 stantinopel
650 3491 729 3545 III
763 3509 818 3560 p.
850 3496 968 3546 146.
