2484 3800
163 114 203 178 8
632 110 1122 173 ΔΑΕΞΑΝΔΡΟΤ
1156 115 1707 168 ΑΤΚΟΠΟΑΙΤΟΤ

0 284 137 346 ;“,“181
162 275 539 360 ἀφικέσθαι.
582 274 590 364 Ι
631 274 1204 361 ἀποχωρισθείσης
1240 272 1316 341 δὲ
1360 276 1646 362 ἀκριβῶς
1681 286 1798 360 τῆς
1830 280 2024 354 θείας
2069 278 2187 342 δυ-

162 384 418 468 νάμεως
476 385 550 448 τὸ
605 382 726 462 ἔξω
785 392 921 468 πῢρ
982 399 1147 467 φασι
1206 384 1546 468 συμπεσὸν
1600 380 1795 448 ἑαυτό
1839 407 1909 449 τε
1953 381 2063 448 καὶ
2107 385 2184 448 τὸ

163 491 325 555 ἄλλο
372 490 661 575 σύμπαν,
712 490 748 555 ὅ
793 514 859 554 τι
913 488 1040 554 ὃᾶν
1083 492 1385 573 λείπηται
1444 499 1559 573 τῆς
1610 489 1804 574 ὕλης,
1865 507 2187 573 συγκατα-

163 596 443 681 φλέξειν.

0 707 147 775 Ρ.60
303 705 387 769 Οἱ
447 700 522 769 δὲ
581 703 657 768 ε’ν
712 704 975 780 τούτοις
1025 701 1435 789 χαριέστεροι
1487 701 1598 768 καὶ
1645 700 2009 786 ἑλληνικῶν
2064 701 2188 767 οὐκ

165 810 426 895 ἄπειροι
472 813 693 893 λόγων
737 808 1353 897 ἀναμιμνῄσκουσιν
1396 809 1566 895 ἡμᾶς
1612 807 1681 874 ἐκ
1722 820 1856 874 τῶν
1901 810 2190 891 οἰκείων,

166 915 236 981 ἐκ
281 912 405 1000 μὲν
449 927 583 981 τῶν
617 922 896 983 τελετῶν
939 918 1059 982 τὸν
1106 919 1676 1011 κατατεμνόμενον
1711 918 2054 982 Διόνυσον
2094 923 2187 1001 τςῖ

165 1020 879 1110 λόγωέπιφημίζοντες
915 1024 1046 1089 ὑπὸ
1083 1034 1218 1090 τῶν
1263 1024 1580 1107 Τιτάνων,
1615 1022 1919 1107 καθάπερ
1957 1020 2189 1105 λέγου-

165 1145 277 1193 σιν
321 1127 512 1195 αὐτοὶ
557 1131 680 1214 τὴν
722 1134 924 1196 θείαν
960 1131 1251 1215 δύναμιν
1285 1133 1666 1216 μερίζεσθαι
1704 1131 1798 1206 εἰς
1833 1129 1956 1212 τὴν
1989 1128 2191 1212 ὕλην·

86 1259 137 1298 10
167 1233 237 1300 ἐκ
283 1231 359 1300 δὲ
404 1247 538 1300 τῶν
582 1238 915 1319 ποιήσεων
958 1245 1073 1321 τῆς
1117 1238 1649 1322 γιγαντομαχιάς,
1695 1236 1799 1303 ὅτι
1852 1232 2016 1321 μηδὲ
2071 1234 2191 1299 αὐ-

164 1339 267 1406 τοὶ
312 1341 651 1425 ἠγνόησαν
693 1343 818 1426 τὴν
860 1352 975 1426 τῆς
1019 1343 1184 1427 ὕλης
1227 1345 1392 1409 κατὰ
1452 1353 1572 1409 τοῦ
1625 1350 1796 1409 θεοῦ
1851 1344 2192 1427 ἄνταρσιν.

167 1445 292 1529 ἐγὼ
359 1443 433 1512 δὲ
497 1448 587 1524 ὡς
647 1445 772 1533 μὲν
824 1458 1031 1514 ταῦτα
1077 1448 1199 1534 οὐχ
1258 1450 1450 1514 ἱκανὰ
1504 1457 1977 1534 ψυχαγωγῆσαι
2032 1450 2193 1524 τοὺς

166 1552 621 1636 ἀβασανίστως
665 1555 785 1619 τὸν
829 1557 1033 1638 λόγον
1077 1553 1554 1641 προσιεμένους
1609 1554 1731 1620 οὐκ
1776 1553 1862 1620 ἂν
1916 1560 2190 1638 εἴποιμι,

166 1659 336 1725 ὅπου
381 1683 457 1742 γε
513 1661 632 1724 καί
682 1684 870 1736 τινας
927 1672 1062 1726 τῶν
1121 1663 1703 1745 συνεσχολακότων
1754 1659 1916 1745 ἡμῖν
1972 1659 2044 1725 ἐν
2097 1668 2191 1748 τῷ

88 1790 137 1830 15
167 1771 567 1850 φιλοσοφεῖν
619 1766 1010 1852 μετέστησεν
1070 1767 1111 1852 ἡ
1176 1768 1447 1851 τοιαύτη
1512 1766 1724 1851 ἀπάτη
1782 1777 1918 1833 τῶν
1971 1769 2194 1850 λόγων

166 1873 333 1957 πρὸς
379 1869 646 1958 ἑαυτήν·
694 1875 788 1951 εἰς
835 1871 1128 1953 ἐξέτασιν
1174 1870 1249 1940 δὲ
1296 1874 1472 1951 ὅπως
1531 1876 1663 1959 ἔχει
1719 1882 1847 1939 νῦν
1904 1872 2193 1959 ἐμαυτὸν

166 1977 398 2055 καθεὶς
434 1977 660 2065 ἀπορῶ
697 1984 768 2045 τί
796 1983 1153 2067 χρήσωμαι.
1226 1981 1379 2046 οὔτε
1415 1982 1543 2066 γὰρ
1582 1981 1694 2045 διά
1730 2004 1935 2045 τινων
1970 1983 2194 2062 λόγων

169 2083 663 2169 νενομισμένων
703 2085 876 2152 εἰσὶν
912 2087 1134 2152 αὐτῶν
1169 2088 1239 2152 αἱ
1273 2084 1652 2170 ὑποθέσεις,
1689 2088 1802 2153 ’ἵνα
1836 2089 2000 2152 κατὰ
2037 2087 2193 2151 ταύ-

168 2216 285 2267 τας
341 2192 464 2274 τὴν
524 2194 790 2275 ζήτησιν
845 2194 1309 2278 ποιησώμεθα,
1356 2193 1508 2259 οὔτε
1562 2189 1737 2270 τινὲς
1782 2191 1977 2278 ἀρχαὶ
2032 2192 2194 2258 ἀπο-

91 2324 143 2363 20
171 2296 468 2382 δείξεων,
525 2297 692 2383 [καὶ]
754 2299 865 2364 ἵνα
923 2302 998 2365 τὸ
1058 2300 1329 2376 ταύταις
1387 2297 1712 2384 ἑπόμενον
1771 2301 2195 2384 θεασώμεθα.

171 2402 448 2490 ἕρμαιόν
507 2429 578 2471 τε
641 2404 911 2489 ἀληθῶς
974 2405 1154 2472 ἐστιν
1215 2408 1291 2471 τὸ
1354 2416 1490 2471 τῶν
1544 2406 1765 2483 ἁπλῶς
1818 2403 2196 2491 λεγομένων

172 2517 599 2597 φιλοσοφεῖν,
655 2516 726 2578 οἳ
783 2513 898 2590 τὰς
959 2511 1110 2599 παρ’
1175 2512 1403 2590 αὐτοῖς
1465 2514 1726 2598 γραφὰς
1788 2512 2070 2589 παλαιάς
2123 2535 2196 2576 τε

171 2615 281 2682 καὶ
340 2616 493 2695 νέας
548 2619 1079 2704 ὑποστησάμενοι
1124 2657 1214 2665 —
1257 2618 1750 2695 θεοπνεύστους
1805 2613 1977 2683 εἶναι
2031 2618 2196 2683 ὑπο-

172 2723 510 2809 τιθέμενοι
557 2765 645 2771 -
687 2727 804 2802 τας
850 2736 1043 2810 σφῶν
1087 2725 1309 2798 αὐτῶν
1354 2724 1549 2804 δόξας
1596 2723 1913 2790 ἐντεῦθεν
1968 2727 2197 2811 περαί-

95 2855 146 2895 25
174 2848 412 2896 νουσιν
456 2828 565 2896 καὶ
613 2829 997 2915 ἐλέγχεσθαι
1043 2833 1255 2916 μόνον
1299 2839 1656 2914 τηνικαῦτα
1703 2832 2041 2915 δοκοῦσιν,
2079 2830 2200 2896 ἐάν

319 3064 349 3114 5
381 3078 500 3128 sqq.
560 3059 627 3114 cf.
686 3058 797 3116 Tit.
843 3059 1096 3115 Bostren.
1134 3059 1214 3113 III
1254 3064 1282 3112 1
1325 3058 1641 3129 (Augustin.
1699 3074 1746 3113 c.
1799 3056 2084 3112 Adimant.
2127 3062 2196 3110 13

174 3149 231 3200 p.
254 3136 373 3199 144,
397 3135 464 3184 23
504 3130 709 3200 Zycha)
875 3135 905 3184 7
927 3148 1047 3199 sqq.
1087 3130 1156 3185 cf.
1193 3130 1421 3185 Lobeok
1455 3128 1823 3200 Aglaopham.
1862 3147 1919 3197 Ρ.
1949 3132 2052 3183 710
2073 3145 2196 3196 sqq.

322 3347 354 3396 3
401 3341 434 3398 ὅ
477 3363 533 3397 τι
570 3341 707 3398 aem:
746 3342 815 3396 cf.
845 3348 932 3411 38,
965 3349 997 3398 3
1049 3343 1195 3399 ἔνθα
1241 3344 1352 3399 ὃᾶν
1403 3346 1463 3399 et
1503 3344 1718 3399 Usener
1752 3341 1815 3396 in
1849 3338 2203 3396 Fleckeiseni

183 3413 367 3468 annal.
409 3417 547 3467 1878
583 3431 639 3481 Ρ.
669 3418 736 3465 66
938 3420 1007 3468 20
1044 3414 1142 3470 καὶ
1178 3415 1379 3486 delevi,
1415 3432 1548 3470 nam
1584 3412 1860 3469 excidisse
1896 3412 2200 3482 quicquam

182 3481 300 3536 veri
337 3485 424 3537 est
460 3481 760 3551 dissimile3
799 3500 872 3537 an
910 3486 1003 3540 ἵνα
1041 3488 1171 3541 nal?
1316 3493 1380 3542 21
1423 3483 1654 3558 ἕρμαῖόν
1689 3503 1748 3541 τε
1786 3484 1845 3538 Μ
