2484 3800
716 132 914 183 ΠΡΟΣ
950 131 1093 182 ΤΑΣ
1130 130 1543 183 ΜΔΝΙΧΑΙΟΤ
1578 128 1821 188 ΔΟΞΑΣ
2234 129 2277 193 5

164 298 173 304 ”
250 299 412 357 θετο
459 293 628 357 θεὸν
671 291 781 357 καὶ
825 292 1026 376 ὕλην,
1075 286 1250 357 εἶναι
1302 287 1377 356 δὲ
1431 292 1551 357 τὸν
1603 287 1727 376 μὲν
1780 291 1949 356 θεὸν
1995 290 2277 376 ἀγαθόν,

251 400 375 482 τὴν
421 394 495 463 δὲ
539 398 712 482 ὕλην
755 402 987 464 κακόν·
1033 398 1270 485 ἀγαθῷ
1316 394 1391 463 δὲ
1426 401 1686 464 πλείονι
1723 398 1842 462 τὸν
1877 397 2045 462 θεὸν
2080 397 2279 483 ὑπερ-

252 506 528 589 βάλλειν
572 504 613 588 ἧ
659 512 837 591 κακῷ
883 505 1006 587 τὴν
1049 504 1236 587 ὕλην.
1310 505 1433 587 τὴν
1478 500 1553 569 δὲ
1597 504 1767 588 ὕλην
1813 501 1989 586 λέγει
2036 502 2158 586 οὐχ
2194 503 2279 585 ἣν

255 613 564 694 Πλάτων,
601 611 724 693 τὴν
768 612 981 675 πάντα
1018 607 1380 694 γινομένην
1416 609 1577 674 ὅταν
1613 610 1781 695 λάβῃ
1819 611 2133 692 ποιότητα
2170 607 2280 673 καὶ

255 727 471 802 σχῆμα
497 755 586 801 -,-
613 718 720 782 διὸ
764 718 1056 801 πανδεχῆ
1102 714 1212 781 καὶ
1258 714 1505 801 μητέρα
1540 714 1650 780 καὶ
1686 717 2057 800 τιθήν<ην>
2097 721 2282 782 καλεῖ
2336 740 2360 779 5

189 840 204 852 ·
253 862 343 870 --
389 822 499 888 καὶ
535 822 1010 910 Ἀριστοτέλης,
1056 824 1131 888 τὸ
1180 833 1511 906 στοιχεῖον
1546 820 1697 908 περὶ
1745 822 1779 886 ὃ
1828 824 1901 887 τὸ
1951 818 2127 900 εἶδος
2171 821 2280 887 καὶ

254 930 294 1014 ἡ
346 928 669 1015 στέρησις,
716 928 857 995 ἀλλ’
913 928 1140 1015 ἔτερόν
1195 952 1259 994 τι
1313 931 1491 1014 παρὰ
1547 938 1777 994 ταῦτα·
1841 930 1964 1012 τὴν
2026 931 2152 1016 γὰρ
2209 928 2282 994 ἐν

257 1035 507 1124 ἑκάστῳ
535 1048 671 1102 τῶν
707 1039 923 1102 ὄντων
960 1037 1242 1100 ἄτακτον
1277 1038 1565 1119 κίνησιν,
1601 1037 1850 1119 ταύτην
1885 1036 2057 1118 ὕλην
2081 1041 2282 1101 καλεῖ.

258 1144 701 1227 συντετάχθαι
748 1139 820 1207 δὲ
866 1150 958 1228 τῷ
1002 1147 1142 1228 θεῷ
1181 1142 1498 1226 δυνάμεις
1535 1140 1758 1227 ἑτέρας
1796 1133 1943 1208 οἷον
1977 1141 2283 1228 ὑπηρέτι-

257 1251 399 1332 δας,
447 1248 706 1331 ἀγαθὰς
750 1249 989 1330 πάσας,
1035 1245 1145 1312 καὶ
1202 1248 1405 1323 ἄλλας
1450 1255 1528 1333 τῇ
1583 1247 1709 1333 ὕλῃ
1758 1247 2028 1332 ὁμοίως,
2073 1250 2285 1325 πάσας
2314 1271 2364 1310 10

256 1358 476 1433 κακάς.
549 1357 623 1420 τὸ
670 1350 745 1419 δὲ
791 1354 1096 1438 λαμπρὸν
1140 1350 1253 1418 καὶ
1298 1354 1372 1417 τὸ
1420 1364 1564 1437 φῶς
1606 1351 1717 1418 καὶ
1763 1355 1837 1419 τὸ
1877 1355 2035 1437 ἄνω,
2072 1357 2286 1420 πάντα

257 1466 471 1527 ταῦτα
511 1464 638 1526 σὺν
682 1468 774 1547 τῷ
818 1467 959 1546 θεᾷ
998 1454 1192 1542 εἶναι,
1229 1460 1304 1524 τὸ
1344 1458 1646 1545 ἀμυδρὸν
1683 1455 1758 1524 δὲ
1795 1459 1905 1525 καὶ
1942 1461 2015 1525 τὸ
2056 1464 2286 1537 σκότος

260 1566 372 1633 καὶ
420 1568 495 1633 τὸ
531 1568 705 1632 κάτω
744 1569 873 1631 σὺν
909 1575 987 1652 τῇ
1024 1565 1171 1651 ὕλῃ.
1246 1559 1418 1630 εἶναι
1455 1561 1530 1630 δὲ
1565 1563 1676 1630 καὶ
1713 1574 1805 1653 τῷ
1840 1573 1982 1653 θεῷ
2020 1565 2286 1651 ὀρέξεις,

259 1675 427 1740 ἀλλὰ
490 1672 600 1738 καὶ
663 1673 904 1749 ταύτας
970 1672 1258 1755 ἀγαθάς,
1313 1670 1423 1736 καὶ
1478 1681 1557 1758 τῇ
1611 1672 1738 1758 ὕλῃ
1795 1672 2065 1757 ὁμοίως,
2119 1672 2288 1738 ἀλλὰ

257 1783 472 1856 πάσας
516 1780 735 1855 κακάς.
824 1776 923 1843 ΠΙ
996 1779 1091 1854 εἰς
1147 1777 1514 1862 ἐπιθυμίαν
1569 1772 1695 1842 οὗν
1739 1799 1897 1843 ποτε
1942 1779 2064 1861 τὴν
2115 1778 2287 1863 ὕλην
2316 1802 2366 1841 15

261 1887 492 1954 ἐλθεῖν
536 1887 630 1963 εἰς
670 1883 678 1973 Ι
719 1886 838 1951 τὸν
884 1887 1020 1951 ἅνω
1067 1883 1431 1970 ἀφικέσθαι
1474 1885 1702 1968 τόπον,
1748 1883 2159 1970 ἀφικομένην
2205 1882 2279 1951 δὲ
2298 1893 2451 1950 ἲ.180

260 1995 606 2078 θαυμάσαι
665 1995 739 2057 τό
798 2016 869 2057 τε
922 1992 1228 2077 λαμπρὸν
1283 1988 1392 2054 καὶ
1446 1990 1521 2055 τὸ
1579 2000 1721 2073 φῶς
1776 1990 1938 2057 ὅσον
1981 1988 2067 2076 ἦν
2110 1996 2288 2079 παρὰ

260 2110 352 2188 τῷ
397 2108 573 2188 θεῷ,
618 2097 728 2164 καὶ
775 2100 858 2182 δὴ
913 2097 1145 2163 θέλειν
1196 2098 1321 2180 τὴν
1373 2096 1585 2182 ἀρχὴν
1638 2097 1887 2180 ταύτην
1939 2111 2289 2184 κατασχεῖν

261 2210 382 2273 τὸν
425 2208 594 2272 θεὸν
636 2204 1137 2291 παρωσαμένην.
1229 2205 1349 2269 τὸν
1394 2199 1469 2268 δὲ
1512 2201 1623 2268 καὶ
1669 2206 2122 2289 βεβουλῆσθαι
2167 2203 2289 2292 μὲν

262 2314 514 2396 ταύτην
576 2314 1107 2397 τιμωρήσασθαι,
1171 2310 1449 2397 ἀπορεῖν
1515 2306 1591 2374 δὲ
1653 2321 1859 2376 κακοῦ
1926 2304 1977 2399 ᾧ
2041 2313 2123 2397 δὴ
2178 2312 2286 2377 καὶ
2317 2338 2368 2376 20

262 2421 736 2505 τιμωρήσηται·
782 2418 869 2503 μὴ
899 2419 1025 2503 γὰρ
1058 2412 1229 2482 εἶναι
1258 2417 1464 2481 κακὸν
1494 2415 1567 2481 ἐν
1593 2422 1764 2482 θεοῦ
1792 2424 1967 2506 οἴκῳ.
2039 2419 2290 2504 πέμψαι

265 2523 392 2592 οὖν
436 2549 588 2590 τινα
633 2525 954 2609 δύναμιν,
998 2524 1121 2607 τὴν
1165 2521 1282 2607 ὑφ’
1335 2522 1524 2607 ἡμῶν
1576 2523 1993 2608 καλουμένην
2048 2530 2290 2610 ψυχήν,

267 2631 374 2698 ἐπὶ
411 2633 536 2715 τὴν
569 2631 759 2715 ὕλην,
796 2630 939 2713 ἥτις
976 2628 1142 2714 αὐτῇ
1181 2630 1294 2693 διὰ
1330 2630 1541 2712 πάσης
1567 2632 1988 2714 μιχθήσεται·
2020 2635 2290 2698 ἔσεσθαι

265 2741 392 2825 γὰρ
442 2747 556 2821 τῆς
599 2737 762 2821 ὕλης
806 2738 1108 2802 θάνατον
1152 2736 1273 2800 τὸν
1309 2737 1468 2819 μετὰ
1505 2737 1710 2800 ταῦτά
1744 2758 1904 2802 ποτε
1940 2747 2054 2822 τῆς
2090 2741 2291 2806 δυνά-

267 2869 438 2930 μεως
483 2844 723 2927 ταύτης
767 2843 1121 2928 χωρισμόν.
1195 2840 1405 2917 οὕτως
1451 2836 1577 2906 οὗν
1611 2843 1775 2907 κατὰ
1811 2846 2137 2929 πρόνοιαν
2171 2856 2291 2911 τοῦ
2320 2868 2370 2907 25

421 3044 452 3092 2
491 3037 559 3092 of.
597 3036 762 3090 Plato
801 3034 906 3089 civ.
943 3033 998 3087 H
1034 3038 1164 3087 3580
1217 3029 1436 3088 πλείονι
1479 3032 1542 3088 δὲ
1599 3040 1754 3106 κακῷ
1807 3034 2175 3107 ὑπερβάλλειν
2229 3038 2290 3090 τὸ

271 3110 603 3164 ἀδικεῖσθαι
656 3104 690 3175 ἢ
746 3107 951 3177 ἀγαθῷ
1005 3104 1067 3159 τὸ
1123 3104 1345 3158 ἀδικεῖν
1490 3109 1521 3156 5
1560 3109 1740 3159 καλεῖς
1778 3104 1920 3160 Tim.
1949 3111 2048 3158 49⁸
2076 3124 2195 3174 sqq.

277 3187 307 3235 6
344 3178 581 3235 Aristot.
620 3194 812 3247 organ.
846 3177 892 3229 II
930 3194 985 3246 p.
1014 3180 1117 3229 402
1140 3192 1261 3243 sqq.
1301 3174 1488 3230 Waitz
1647 3182 1712 3230 21
1753 3175 1814 3231 ἐν
1858 3180 2002 3231 θεοῦ
2051 3180 2183 3250 οἴκῳ
2230 3180 2294 3232 ut

268 3256 354 3320 2⁷,
388 3256 482 3305 12:
521 3249 592 3305 cf.
628 3248 777 3304 Plat.
812 3247 1051 3304 Phaedr.
1089 3263 1145 3315 p.
1176 3251 1310 3299 247⁸

411 3431 442 3481 5
480 3425 653 3496 τυθὴν
691 3425 777 3482 Mz
817 3422 1034 3480 correxi
1070 3423 1138 3477 01.
1168 3422 1314 3477 Plat.
1345 3421 1487 3479 Tim.
1517 3427 1617 3477 49⁸
1645 3423 1743 3477 52³
1773 3421 1872 3477 88⁶
1983 3428 2049 3477 1¹7
2076 3422 2115 3479 f.
2145 3429 2294 3480 θαυ-

270 3496 445 3569 μάσαι
481 3517 540 3553 τε
576 3498 639 3553 τὸ
679 3501 723 3552 λ.
761 3498 843 3568 (et
880 3499 946 3549 18
983 3494 1082 3549 καὶ
1119 3493 1188 3563 δὴ
1229 3492 1466 3566 <καὶ>7>
