<?xml version="1.0" encoding="UTF-8"?>
<!DOCTYPE html PUBLIC "-//W3C//DTD XHTML 1.0 Transitional//EN"
    "http://www.w3.org/TR/xhtml1/DTD/xhtml1-transitional.dtd">
<html xmlns="http://www.w3.org/1999/xhtml" xml:lang="en" lang="en">
 <head>
  <title>
</title>
<meta http-equiv="Content-Type" content="text/html;charset=utf-8" />
  <meta name='ocr-system' content='tesseract 3.04.00' />
  <meta name='ocr-capabilities' content='ocr_page ocr_carea ocr_par ocr_line ocrx_word'/>
</head>
<body>
  <div class='ocr_page' id='page_1' title='image "./contramanichaei00bringoog_0057.png"; bbox 0 0 2484 3800; ppageno 0'>
   <div class='ocr_carea' id='block_1_1' title="bbox 725 115 2287 179">
    <p class='ocr_par' dir='ltr' id='par_1_1' title="bbox 725 115 2287 179">
     <span class='ocr_line' id='line_1_1' title="bbox 725 115 2287 179; baseline 0.001 -11"><span class='ocrx_word' id='word_1_1' title='bbox 725 118 924 170; x_wconf 91' lang='grc' dir='ltr'><strong>ΠΡΟΣ</strong></span> <span class='ocrx_word' id='word_1_2' title='bbox 961 118 1102 169; x_wconf 85' lang='grc' dir='ltr'><em>ΤΑΣ</em></span> <span class='ocrx_word' id='word_1_3' title='bbox 1136 117 1555 171; x_wconf 82' lang='lat' dir='ltr'><strong>MANIXAIOT</strong></span> <span class='ocrx_word' id='word_1_4' title='bbox 1588 115 1833 175; x_wconf 83' lang='grc' dir='ltr'><strong>ΔΟΞΑΣ</strong></span> <span class='ocrx_word' id='word_1_5' title='bbox 2209 117 2287 179; x_wconf 79' lang='lat'><em>17</em></span> 
     </span>
    </p>
   </div>
   <div class='ocr_carea' id='block_1_2' title="bbox 256 270 2461 2921">
    <p class='ocr_par' dir='ltr' id='par_1_2' title="bbox 256 270 2292 469">
     <span class='ocr_line' id='line_1_2' title="bbox 256 270 2292 367; baseline 0.001 -25"><span class='ocrx_word' id='word_1_6' title='bbox 256 280 635 361; x_wconf 89' lang='grc' dir='ltr'><em>πόνθεσαν,</em></span> <span class='ocrx_word' id='word_1_7' title='bbox 682 279 742 343; x_wconf 81' lang='grc' dir='ltr'><em>εἰ</em></span> <span class='ocrx_word' id='word_1_8' title='bbox 785 278 948 362; x_wconf 89' lang='grc' dir='ltr'><em>μετά</em></span> <span class='ocrx_word' id='word_1_9' title='bbox 991 300 1175 355; x_wconf 89' lang='grc' dir='ltr'><strong><em>τινος</em></strong></span> <span class='ocrx_word' id='word_1_10' title='bbox 1220 280 1584 366; x_wconf 79' lang='grc' dir='ltr'><strong><em>φροντίδος</em></strong></span> <span class='ocrx_word' id='word_1_11' title='bbox 1631 270 1819 367; x_wconf 71' lang='grc' dir='ltr'><em>ᾧτινι</em></span> <span class='ocrx_word' id='word_1_12' title='bbox 1865 280 2109 362; x_wconf 81' lang='grc' dir='ltr'><em>δήποτε</em></span> <span class='ocrx_word' id='word_1_13' title='bbox 2155 277 2292 344; x_wconf 81' lang='grc' dir='ltr'><em>ἐνε-</em></span> 
     </span>
     <span class='ocr_line' id='line_1_3' title="bbox 259 386 613 469; baseline 0 -20"><span class='ocrx_word' id='word_1_14' title='bbox 259 386 613 469; x_wconf 76' lang='grc' dir='ltr'><em>τύγχανον.</em></span> 
     </span>
    </p>

    <p class='ocr_par' dir='ltr' id='par_1_3' title="bbox 259 487 2461 2070">
     <span class='ocr_line' id='line_1_4' title="bbox 395 487 2292 577; baseline 0.002 -23"><span class='ocrx_word' id='word_1_15' title='bbox 395 488 531 555; x_wconf 86' lang='grc' dir='ltr'><em>Καὶ</em></span> <span class='ocrx_word' id='word_1_16' title='bbox 577 490 710 575; x_wconf 88' lang='grc' dir='ltr'><em>μὴν</em></span> <span class='ocrx_word' id='word_1_17' title='bbox 743 491 961 555; x_wconf 91' lang='grc' dir='ltr'><em>πάντα</em></span> <span class='ocrx_word' id='word_1_18' title='bbox 1000 487 1123 575; x_wconf 77' lang='grc' dir='ltr'><em>μὲν</em></span> <span class='ocrx_word' id='word_1_19' title='bbox 1161 492 1242 555; x_wconf 80' lang='grc' dir='ltr'><em>τὰ</em></span> <span class='ocrx_word' id='word_1_20' title='bbox 1288 493 1455 556; x_wconf 80' lang='grc' dir='ltr'><em>κακὰ</em></span> <span class='ocrx_word' id='word_1_21' title='bbox 1501 491 1629 556; x_wconf 84' lang='grc' dir='ltr'><em>ἀπὸ</em></span> <span class='ocrx_word' id='word_1_22' title='bbox 1676 489 1829 576; x_wconf 59' lang='grc' dir='ltr'><strong><em>τοῦζ</em></strong></span> <span class='ocrx_word' id='word_1_23' title='bbox 1841 493 2041 557; x_wconf 83' lang='grc' dir='ltr'><strong><em>θείου</em></strong></span> <span class='ocrx_word' id='word_1_24' title='bbox 2085 502 2292 577; x_wconf 78' lang='grc' dir='ltr'><strong><em>χοροῦ</em></strong></span> 
     </span>
     <span class='ocr_line' id='line_1_5' title="bbox 259 595 2292 683; baseline 0.001 -22"><span class='ocrx_word' id='word_1_25' title='bbox 259 596 694 681; x_wconf 77' lang='grc' dir='ltr'><em>ἀπελήλαται,</em></span> <span class='ocrx_word' id='word_1_26' title='bbox 750 597 786 664; x_wconf 88' lang='grc' dir='ltr'>ὁ</span> <span class='ocrx_word' id='word_1_27' title='bbox 835 601 1024 681; x_wconf 76' lang='grc' dir='ltr'><strong><em>ζῆλος</em></strong></span> <span class='ocrx_word' id='word_1_28' title='bbox 1070 595 1145 663; x_wconf 75' lang='grc' dir='ltr'><em>δὲ</em></span> <span class='ocrx_word' id='word_1_29' title='bbox 1190 600 1474 683; x_wconf 91' lang='grc' dir='ltr'><em>μάλιστα</em></span> <span class='ocrx_word' id='word_1_30' title='bbox 1518 597 1627 664; x_wconf 86' lang='grc' dir='ltr'><em>καὶ</em></span> <span class='ocrx_word' id='word_1_31' title='bbox 1674 598 1710 664; x_wconf 89' lang='grc' dir='ltr'>ὁ</span> <span class='ocrx_word' id='word_1_32' title='bbox 1758 601 2043 682; x_wconf 89' lang='grc' dir='ltr'><strong><em>φθόνος·</em></strong></span> <span class='ocrx_word' id='word_1_33' title='bbox 2098 621 2292 663; x_wconf 86' lang='grc' dir='ltr'><em>κατα-</em></span> 
     </span>
     <span class='ocr_line' id='line_1_6' title="bbox 260 699 2371 794; baseline -0.001 -24"><span class='ocrx_word' id='word_1_34' title='bbox 260 708 567 770; x_wconf 77' lang='grc' dir='ltr'><strong><em>λείπουσι</em></strong></span> <span class='ocrx_word' id='word_1_35' title='bbox 627 700 702 769; x_wconf 74' lang='grc' dir='ltr'><em>δὲ</em></span> <span class='ocrx_word' id='word_1_36' title='bbox 761 699 946 770; x_wconf 86' lang='grc' dir='ltr'><strong><em>οὗτοι</em></strong></span> <span class='ocrx_word' id='word_1_37' title='bbox 1008 705 1175 771; x_wconf 82' lang='grc' dir='ltr'><em>αὐτὰ</em></span> <span class='ocrx_word' id='word_1_38' title='bbox 1233 707 1412 791; x_wconf 76' lang='grc' dir='ltr'><em>παρὰ</em></span> <span class='ocrx_word' id='word_1_39' title='bbox 1471 713 1563 794; x_wconf 80' lang='grc' dir='ltr'><em>τῷ</em></span> <span class='ocrx_word' id='word_1_40' title='bbox 1621 712 1790 792; x_wconf 73' lang='grc' dir='ltr'><em>θεῷ,</em></span> <span class='ocrx_word' id='word_1_41' title='bbox 1852 706 2014 771; x_wconf 81' lang='grc' dir='ltr'><em>ὅταν</em></span> <span class='ocrx_word' id='word_1_42' title='bbox 2073 716 2293 789; x_wconf 84' lang='grc' dir='ltr'><em>φῶσιν</em></span> <span class='ocrx_word' id='word_1_43' title='bbox 2347 729 2371 768; x_wconf 88' lang='lat'>5</span> 
     </span>
     <span class='ocr_line' id='line_1_7' title="bbox 261 810 2294 896; baseline 0.001 -20"><span class='ocrx_word' id='word_1_44' title='bbox 261 812 470 877; x_wconf 83' lang='grc' dir='ltr'><em>αὐτὸν</em></span> <span class='ocrx_word' id='word_1_45' title='bbox 524 812 647 895; x_wconf 81' lang='grc' dir='ltr'><em>τὴν</em></span> <span class='ocrx_word' id='word_1_46' title='bbox 705 811 1069 896; x_wconf 80' lang='grc' dir='ltr'><strong><em>ἐπιβουλὴν</em></strong></span> <span class='ocrx_word' id='word_1_47' title='bbox 1111 815 1277 878; x_wconf 84' lang='grc' dir='ltr'><em>κατὰ</em></span> <span class='ocrx_word' id='word_1_48' title='bbox 1331 821 1446 896; x_wconf 84' lang='grc' dir='ltr'><em>τῆς</em></span> <span class='ocrx_word' id='word_1_49' title='bbox 1497 812 1663 896; x_wconf 76' lang='grc' dir='ltr'><em>ὕλης</em></span> <span class='ocrx_word' id='word_1_50' title='bbox 1719 810 2063 896; x_wconf 80' lang='grc' dir='ltr'><em>συντάξαι,</em></span> <span class='ocrx_word' id='word_1_51' title='bbox 2119 815 2294 879; x_wconf 80' lang='grc' dir='ltr'><em>διότι</em></span> 
     </span>
     <span class='ocr_line' id='line_1_8' title="bbox 262 914 2294 1003; baseline 0 -20"><span class='ocrx_word' id='word_1_52' title='bbox 262 920 346 1003; x_wconf 83' lang='grc' dir='ltr'><em>δὴ</em></span> <span class='ocrx_word' id='word_1_53' title='bbox 408 928 528 984; x_wconf 85' lang='grc' dir='ltr'><em>τοῦ</em></span> <span class='ocrx_word' id='word_1_54' title='bbox 587 923 796 983; x_wconf 84' lang='grc' dir='ltr'><strong><em>καλοῦ</em></strong></span> <span class='ocrx_word' id='word_1_55' title='bbox 858 916 1295 1003; x_wconf 81' lang='grc' dir='ltr'><em>ἐπεθύμησεν.</em></span> <span class='ocrx_word' id='word_1_56' title='bbox 1385 922 1520 984; x_wconf 93' lang='grc' dir='ltr'><em>τίνι</em></span> <span class='ocrx_word' id='word_1_57' title='bbox 1579 915 1654 983; x_wconf 72' lang='grc' dir='ltr'><em>δὲ</em></span> <span class='ocrx_word' id='word_1_58' title='bbox 1711 916 1822 983; x_wconf 85' lang='grc' dir='ltr'><em>καὶ</em></span> <span class='ocrx_word' id='word_1_59' title='bbox 1884 918 1920 985; x_wconf 88' lang='grc' dir='ltr'>ὁ</span> <span class='ocrx_word' id='word_1_60' title='bbox 1978 920 2138 997; x_wconf 90' lang='grc' dir='ltr'><em>θεὸς</em></span> <span class='ocrx_word' id='word_1_61' title='bbox 2198 914 2294 985; x_wconf 79' lang='grc' dir='ltr'><em>ὧν</em></span> 
     </span>
     <span class='ocr_line' id='line_1_9' title="bbox 261 1021 2291 1111; baseline -0 -20"><span class='ocrx_word' id='word_1_62' title='bbox 261 1021 440 1110; x_wconf 82' lang='grc' dir='ltr'><em>εἶχεν</em></span> <span class='ocrx_word' id='word_1_63' title='bbox 487 1023 824 1109; x_wconf 75' lang='grc' dir='ltr'><strong><em>ἐβουλήθη</em></strong></span> <span class='ocrx_word' id='word_1_64' title='bbox 879 1026 1002 1109; x_wconf 86' lang='grc' dir='ltr'><em>τὴν</em></span> <span class='ocrx_word' id='word_1_65' title='bbox 1054 1025 1227 1108; x_wconf 78' lang='grc' dir='ltr'><strong><em>ὕλην</em></strong></span> <span class='ocrx_word' id='word_1_66' title='bbox 1276 1027 1804 1111; x_wconf 81' lang='grc' dir='ltr'><em>τιμωρήσασθαι;</em></span> <span class='ocrx_word' id='word_1_67' title='bbox 1858 1027 1934 1090; x_wconf 89' lang='grc' dir='ltr'><em>τὸ</em></span> <span class='ocrx_word' id='word_1_68' title='bbox 1989 1022 2112 1110; x_wconf 72' lang='grc' dir='ltr'><em>μὲν</em></span> <span class='ocrx_word' id='word_1_69' title='bbox 2165 1029 2291 1110; x_wconf 79' lang='grc' dir='ltr'><em>γὰρ</em></span> 
     </span>
     <span class='ocr_line' id='line_1_10' title="bbox 262 1126 2293 1217; baseline 0 -20"><span class='ocrx_word' id='word_1_70' title='bbox 262 1131 525 1197; x_wconf 79' lang='grc' dir='ltr'><strong><em>ἁπλοῦν</em></strong></span> <span class='ocrx_word' id='word_1_71' title='bbox 580 1133 789 1216; x_wconf 93' lang='grc' dir='ltr'><em>φάναι</em></span> <span class='ocrx_word' id='word_1_72' title='bbox 842 1134 962 1197; x_wconf 89' lang='grc' dir='ltr'><em>τὸν</em></span> <span class='ocrx_word' id='word_1_73' title='bbox 1014 1133 1183 1198; x_wconf 89' lang='grc' dir='ltr'><em>θεὸν</em></span> <span class='ocrx_word' id='word_1_74' title='bbox 1241 1129 1711 1217; x_wconf 80' lang='grc' dir='ltr'><em>ἀκριβέστερον</em></span> <span class='ocrx_word' id='word_1_75' title='bbox 1775 1126 1959 1216; x_wconf 87' lang='grc' dir='ltr'><em>οἶμαι</em></span> <span class='ocrx_word' id='word_1_76' title='bbox 2023 1131 2063 1215; x_wconf 81' lang='grc' dir='ltr'>ἢ</span> <span class='ocrx_word' id='word_1_77' title='bbox 2130 1134 2293 1197; x_wconf 85' lang='grc' dir='ltr'><em>κατὰ</em></span> 
     </span>
     <span class='ocr_line' id='line_1_11' title="bbox 259 1236 2372 1323; baseline -0.001 -19"><span class='ocrx_word' id='word_1_78' title='bbox 259 1239 542 1315; x_wconf 86' lang='grc' dir='ltr'><em>τούτους</em></span> <span class='ocrx_word' id='word_1_79' title='bbox 589 1237 788 1321; x_wconf 83' lang='grc' dir='ltr'><em>ἐστίν,</em></span> <span class='ocrx_word' id='word_1_80' title='bbox 833 1236 944 1303; x_wconf 83' lang='grc' dir='ltr'><em>καὶ</em></span> <span class='ocrx_word' id='word_1_81' title='bbox 981 1238 1021 1322; x_wconf 82' lang='grc' dir='ltr'>ἡ</span> <span class='ocrx_word' id='word_1_82' title='bbox 1060 1246 1174 1321; x_wconf 82' lang='grc' dir='ltr'><em>τῆς</em></span> <span class='ocrx_word' id='word_1_83' title='bbox 1221 1236 1483 1314; x_wconf 84' lang='grc' dir='ltr'><strong><em>ἐννοίας</em></strong></span> <span class='ocrx_word' id='word_1_84' title='bbox 1523 1238 1766 1305; x_wconf 86' lang='grc' dir='ltr'><strong><em>τούτου</em></strong></span> <span class='ocrx_word' id='word_1_85' title='bbox 1804 1238 2133 1322; x_wconf 77' lang='grc' dir='ltr'><em>ἀφήγησις</em></span> <span class='ocrx_word' id='word_1_86' title='bbox 2170 1238 2293 1323; x_wconf 82' lang='grc' dir='ltr'><em>οὐχ</em></span> <span class='ocrx_word' id='word_1_87' title='bbox 2322 1263 2372 1301; x_wconf 92' lang='lat'><em>10</em></span> 
     </span>
     <span class='ocr_line' id='line_1_12' title="bbox 261 1341 2293 1433; baseline 0 -23"><span class='ocrx_word' id='word_1_88' title='bbox 261 1347 352 1423; x_wconf 80' lang='grc' dir='ltr'><em>ὡς</em></span> <span class='ocrx_word' id='word_1_89' title='bbox 410 1343 563 1430; x_wconf 78' lang='grc' dir='ltr'><em>περὶ</em></span> <span class='ocrx_word' id='word_1_90' title='bbox 620 1356 755 1410; x_wconf 81' lang='grc' dir='ltr'><em>τῶν</em></span> <span class='ocrx_word' id='word_1_91' title='bbox 811 1347 1033 1411; x_wconf 78' lang='grc' dir='ltr'><em>ἄλλων</em></span> <span class='ocrx_word' id='word_1_92' title='bbox 1087 1346 1385 1422; x_wconf 77' lang='grc' dir='ltr'><strong><em>εὔκολος·</em></strong></span> <span class='ocrx_word' id='word_1_93' title='bbox 1442 1341 1601 1410; x_wconf 73' lang='grc' dir='ltr'><em>οὐδὲ</em></span> <span class='ocrx_word' id='word_1_94' title='bbox 1654 1348 1782 1431; x_wconf 76' lang='grc' dir='ltr'><em>γὰρ</em></span> <span class='ocrx_word' id='word_1_95' title='bbox 1840 1349 2014 1433; x_wconf 76' lang='grc' dir='ltr'><strong><em>λόγῳ</em></strong></span> <span class='ocrx_word' id='word_1_96' title='bbox 2071 1345 2293 1421; x_wconf 82' lang='grc' dir='ltr'><em>ἁπλῶς</em></span> 
     </span>
     <span class='ocr_line' id='line_1_13' title="bbox 263 1448 2293 1536; baseline -0.001 -19"><span class='ocrx_word' id='word_1_97' title='bbox 263 1452 688 1530; x_wconf 80' lang='grc' dir='ltr'><em>ἐνδείξασθαι</em></span> <span class='ocrx_word' id='word_1_98' title='bbox 733 1451 943 1534; x_wconf 83' lang='grc' dir='ltr'><em>αὐτὴν</em></span> <span class='ocrx_word' id='word_1_99' title='bbox 985 1451 1298 1535; x_wconf 91' lang='grc' dir='ltr'><em>δυνατόν,</em></span> <span class='ocrx_word' id='word_1_100' title='bbox 1346 1453 1458 1516; x_wconf 82' lang='grc' dir='ltr'><em>διὰ</em></span> <span class='ocrx_word' id='word_1_101' title='bbox 1495 1448 1570 1516; x_wconf 72' lang='grc' dir='ltr'><em>δὲ</em></span> <span class='ocrx_word' id='word_1_102' title='bbox 1603 1458 1853 1536; x_wconf 83' lang='grc' dir='ltr'><strong><em>πολλῆς</em></strong></span> <span class='ocrx_word' id='word_1_103' title='bbox 1887 1453 2293 1527; x_wconf 80' lang='grc' dir='ltr'><em>παιδεύσεως</em></span> 
     </span>
     <span class='ocr_line' id='line_1_14' title="bbox 260 1556 2292 1643; baseline -0.001 -20"><span class='ocrx_word' id='word_1_104' title='bbox 260 1557 374 1623; x_wconf 84' lang='grc' dir='ltr'><em>καὶ</em></span> <span class='ocrx_word' id='word_1_105' title='bbox 435 1562 667 1624; x_wconf 90' lang='grc' dir='ltr'><strong><em>πόνου.</em></strong></span> <span class='ocrx_word' id='word_1_106' title='bbox 750 1557 917 1624; x_wconf 80' lang='grc' dir='ltr'><em>ἀλλὰ</em></span> <span class='ocrx_word' id='word_1_107' title='bbox 971 1560 1170 1623; x_wconf 85' lang='grc' dir='ltr'><strong><em>τοῦτό</em></strong></span> <span class='ocrx_word' id='word_1_108' title='bbox 1216 1581 1292 1640; x_wconf 76' lang='grc' dir='ltr'><em>γε</em></span> <span class='ocrx_word' id='word_1_109' title='bbox 1336 1558 1576 1634; x_wconf 89' lang='grc' dir='ltr'><em>πάντες</em></span> <span class='ocrx_word' id='word_1_110' title='bbox 1622 1564 1842 1643; x_wconf 77' lang='grc' dir='ltr'><em>ἴσμεν,</em></span> <span class='ocrx_word' id='word_1_111' title='bbox 1890 1559 1994 1624; x_wconf 82' lang='grc' dir='ltr'><em>ὅτι</em></span> <span class='ocrx_word' id='word_1_112' title='bbox 2037 1557 2079 1639; x_wconf 79' lang='grc' dir='ltr'><em>ἡ</em></span> <span class='ocrx_word' id='word_1_113' title='bbox 2127 1556 2292 1642; x_wconf 79' lang='grc' dir='ltr'><em>ὀργὴ</em></span> 
     </span>
     <span class='ocr_line' id='line_1_15' title="bbox 261 1661 2294 1750; baseline -0.002 -20"><span class='ocrx_word' id='word_1_114' title='bbox 261 1663 373 1730; x_wconf 85' lang='grc' dir='ltr'><em>καὶ</em></span> <span class='ocrx_word' id='word_1_115' title='bbox 418 1666 459 1749; x_wconf 81' lang='grc' dir='ltr'><em>ἡ</em></span> <span class='ocrx_word' id='word_1_116' title='bbox 506 1674 622 1749; x_wconf 79' lang='grc' dir='ltr'><em>τῆς</em></span> <span class='ocrx_word' id='word_1_117' title='bbox 667 1668 984 1750; x_wconf 75' lang='grc' dir='ltr'><em>τιμωρίας</em></span> <span class='ocrx_word' id='word_1_118' title='bbox 1029 1666 1192 1729; x_wconf 75' lang='grc' dir='ltr'><em>κατὰ</em></span> <span class='ocrx_word' id='word_1_119' title='bbox 1237 1672 1353 1747; x_wconf 85' lang='grc' dir='ltr'><em>τῆς</em></span> <span class='ocrx_word' id='word_1_120' title='bbox 1407 1664 1571 1748; x_wconf 80' lang='grc' dir='ltr'><strong><em>ὕλης</em></strong></span> <span class='ocrx_word' id='word_1_121' title='bbox 1622 1664 1835 1750; x_wconf 77' lang='grc' dir='ltr'><em>ὄρεξις</em></span> <span class='ocrx_word' id='word_1_122' title='bbox 1879 1666 2064 1748; x_wconf 75' lang='grc' dir='ltr'><em>πάθη</em></span> <span class='ocrx_word' id='word_1_123' title='bbox 2113 1661 2294 1728; x_wconf 79' lang='grc' dir='ltr'><em>ἐστὶν</em></span> 
     </span>
     <span class='ocr_line' id='line_1_16' title="bbox 261 1765 2461 1858; baseline -0.002 -21"><span class='ocrx_word' id='word_1_124' title='bbox 261 1771 416 1858; x_wconf 76' lang='grc' dir='ltr'><em>περὶ</em></span> <span class='ocrx_word' id='word_1_125' title='bbox 477 1773 598 1837; x_wconf 88' lang='grc' dir='ltr'><em>τὸν</em></span> <span class='ocrx_word' id='word_1_126' title='bbox 662 1771 835 1837; x_wconf 81' lang='grc' dir='ltr'><em>οὕτω</em></span> <span class='ocrx_word' id='word_1_127' title='bbox 901 1767 1338 1858; x_wconf 66' lang='grc' dir='ltr'><em>διαζκείμενον</em></span> <span class='ocrx_word' id='word_1_128' title='bbox 1402 1773 1881 1856; x_wconf 81' lang='grc' dir='ltr'><em>συνιστάμενα·</em></span> <span class='ocrx_word' id='word_1_129' title='bbox 1948 1780 2155 1835; x_wconf 88' lang='grc' dir='ltr'><em>ταῦτα</em></span> <span class='ocrx_word' id='word_1_130' title='bbox 2219 1765 2293 1834; x_wconf 73' lang='grc' dir='ltr'><em>δὲ</em></span> <span class='ocrx_word' id='word_1_131' title='bbox 2311 1769 2461 1824; x_wconf 84' lang='lat' dir='ltr'>f.184</span> 
     </span>
     <span class='ocr_line' id='line_1_17' title="bbox 264 1874 2293 1965; baseline -0.002 -21"><span class='ocrx_word' id='word_1_132' title='bbox 264 1875 425 1944; x_wconf 74' lang='grc' dir='ltr'><em>οὐδὲ</em></span> <span class='ocrx_word' id='word_1_133' title='bbox 476 1882 637 1964; x_wconf 76' lang='grc' dir='ltr'><em>περί</em></span> <span class='ocrx_word' id='word_1_134' title='bbox 683 1903 834 1943; x_wconf 92' lang='grc' dir='ltr'><em>τινα</em></span> <span class='ocrx_word' id='word_1_135' title='bbox 890 1879 1262 1943; x_wconf 87' lang='grc' dir='ltr'><em>σπουδαῖον</em></span> <span class='ocrx_word' id='word_1_136' title='bbox 1314 1874 1576 1960; x_wconf 79' lang='grc' dir='ltr'><strong><em>γένοιτο</em></strong></span> <span class='ocrx_word' id='word_1_137' title='bbox 1636 1876 1721 1943; x_wconf 73' lang='grc' dir='ltr'><em>ἂν</em></span> <span class='ocrx_word' id='word_1_138' title='bbox 1776 1879 1857 1944; x_wconf 82' lang='grc' dir='ltr'><em>τὰ</em></span> <span class='ocrx_word' id='word_1_139' title='bbox 1914 1879 2293 1965; x_wconf 74' lang='grc' dir='ltr'><em>παθήματα,</em></span> 
     </span>
     <span class='ocr_line' id='line_1_18' title="bbox 263 1983 1440 2070; baseline -0.002 -20"><span class='ocrx_word' id='word_1_140' title='bbox 263 1988 356 2070; x_wconf 85' lang='grc' dir='ltr'><em>μή</em></span> <span class='ocrx_word' id='word_1_141' title='bbox 401 1989 472 2050; x_wconf 92' lang='grc' dir='ltr'><em>τί</em></span> <span class='ocrx_word' id='word_1_142' title='bbox 512 2009 587 2068; x_wconf 79' lang='grc' dir='ltr'><em>γε</em></span> <span class='ocrx_word' id='word_1_143' title='bbox 632 1983 783 2070; x_wconf 83' lang='grc' dir='ltr'><em>περὶ</em></span> <span class='ocrx_word' id='word_1_144' title='bbox 829 1985 903 2049; x_wconf 90' lang='grc' dir='ltr'><em>τὸ</em></span> <span class='ocrx_word' id='word_1_145' title='bbox 951 1983 1214 2066; x_wconf 79' lang='grc' dir='ltr'><em>ἀγαθὸν</em></span> <span class='ocrx_word' id='word_1_146' title='bbox 1261 1984 1440 2049; x_wconf 87' lang='grc' dir='ltr'><em>αὐτό.</em></span> 
     </span>
    </p>

    <p class='ocr_par' dir='ltr' id='par_1_4' title="bbox 259 2088 2371 2921">
     <span class='ocr_line' id='line_1_19' title="bbox 397 2088 2294 2175; baseline -0.002 -20"><span class='ocrx_word' id='word_1_147' title='bbox 397 2090 493 2155; x_wconf 92' lang='lat' dir='ltr'><em>XI</em></span> <span class='ocrx_word' id='word_1_148' title='bbox 555 2089 700 2175; x_wconf 86' lang='grc' dir='ltr'><em>Ἐφ’</em></span> <span class='ocrx_word' id='word_1_149' title='bbox 751 2088 941 2175; x_wconf 77' lang='grc' dir='ltr'><em>ἕτερα</em></span> <span class='ocrx_word' id='word_1_150' title='bbox 984 2093 1220 2156; x_wconf 90' lang='grc' dir='ltr'><em>τοίνυν</em></span> <span class='ocrx_word' id='word_1_151' title='bbox 1265 2091 1410 2173; x_wconf 76' lang='grc' dir='ltr'><em>ἥκει</em></span> <span class='ocrx_word' id='word_1_152' title='bbox 1454 2091 1658 2155; x_wconf 89' lang='grc' dir='ltr'><em>πάλιν</em></span> <span class='ocrx_word' id='word_1_153' title='bbox 1702 2089 1738 2155; x_wconf 89' lang='grc' dir='ltr'>ὁ</span> <span class='ocrx_word' id='word_1_154' title='bbox 1781 2093 1979 2173; x_wconf 83' lang='grc' dir='ltr'><strong><em>λόγος</em></strong></span> <span class='ocrx_word' id='word_1_155' title='bbox 2022 2111 2294 2175; x_wconf 81' lang='grc' dir='ltr'><em>περιφε-</em></span> 
     </span>
     <span class='ocr_line' id='line_1_20' title="bbox 262 2195 2295 2283; baseline -0.001 -21"><span class='ocrx_word' id='word_1_156' title='bbox 262 2200 561 2283; x_wconf 80' lang='grc' dir='ltr'><em>ρόμενος.</em></span> <span class='ocrx_word' id='word_1_157' title='bbox 652 2195 877 2279; x_wconf 80' lang='grc' dir='ltr'><em>ἐπειδὴ</em></span> <span class='ocrx_word' id='word_1_158' title='bbox 932 2198 1060 2281; x_wconf 76' lang='grc' dir='ltr'><em>γὰρ</em></span> <span class='ocrx_word' id='word_1_159' title='bbox 1109 2196 1399 2280; x_wconf 88' lang='grc' dir='ltr'><em>δύναμιν</em></span> <span class='ocrx_word' id='word_1_160' title='bbox 1442 2197 1562 2261; x_wconf 92' lang='grc' dir='ltr'><em>τὸν</em></span> <span class='ocrx_word' id='word_1_161' title='bbox 1604 2197 1773 2261; x_wconf 92' lang='grc' dir='ltr'><em>θεὸν</em></span> <span class='ocrx_word' id='word_1_162' title='bbox 1818 2199 1913 2273; x_wconf 82' lang='grc' dir='ltr'><em>εἰς</em></span> <span class='ocrx_word' id='word_1_163' title='bbox 1957 2197 2080 2279; x_wconf 83' lang='grc' dir='ltr'><em>τὴν</em></span> <span class='ocrx_word' id='word_1_164' title='bbox 2122 2195 2295 2278; x_wconf 77' lang='grc' dir='ltr'><em>ὕλην</em></span> 
     </span>
     <span class='ocr_line' id='line_1_21' title="bbox 259 2301 2371 2389; baseline -0 -21"><span class='ocrx_word' id='word_1_165' title='bbox 259 2302 675 2387; x_wconf 82' lang='grc' dir='ltr'><em>καταπέμψαι</em></span> <span class='ocrx_word' id='word_1_166' title='bbox 722 2306 960 2387; x_wconf 86' lang='grc' dir='ltr'><em>φασίν,</em></span> <span class='ocrx_word' id='word_1_167' title='bbox 1007 2313 1280 2367; x_wconf 86' lang='grc' dir='ltr'><em>σκοπεῖν</em></span> <span class='ocrx_word' id='word_1_168' title='bbox 1325 2301 1542 2387; x_wconf 78' lang='grc' dir='ltr'><em>ἄξιον,</em></span> <span class='ocrx_word' id='word_1_169' title='bbox 1592 2304 1877 2389; x_wconf 79' lang='grc' dir='ltr'><em>πότερον</em></span> <span class='ocrx_word' id='word_1_170' title='bbox 1920 2303 1960 2386; x_wconf 84' lang='grc' dir='ltr'><em>ἡ</em></span> <span class='ocrx_word' id='word_1_171' title='bbox 2008 2303 2292 2386; x_wconf 88' lang='grc' dir='ltr'><em>δύναμις</em></span> <span class='ocrx_word' id='word_1_172' title='bbox 2320 2328 2371 2367; x_wconf 77' lang='lat'><em>20</em></span> 
     </span>
     <span class='ocr_line' id='line_1_22' title="bbox 262 2407 2293 2496; baseline -0.002 -20"><span class='ocrx_word' id='word_1_173' title='bbox 262 2410 432 2494; x_wconf 78' lang='grc' dir='ltr'><em>αὕτη</em></span> <span class='ocrx_word' id='word_1_174' title='bbox 495 2411 659 2475; x_wconf 81' lang='grc' dir='ltr'><em>κατὰ</em></span> <span class='ocrx_word' id='word_1_175' title='bbox 722 2411 796 2475; x_wconf 91' lang='grc' dir='ltr'><em>τὸ</em></span> <span class='ocrx_word' id='word_1_176' title='bbox 861 2409 1125 2492; x_wconf 82' lang='grc' dir='ltr'><em>ἀγαθὸν</em></span> <span class='ocrx_word' id='word_1_177' title='bbox 1187 2410 1554 2492; x_wconf 83' lang='grc' dir='ltr'><em>ἠλάττωται</em></span> <span class='ocrx_word' id='word_1_178' title='bbox 1614 2412 1794 2496; x_wconf 76' lang='grc' dir='ltr'><em>παρὰ</em></span> <span class='ocrx_word' id='word_1_179' title='bbox 1858 2412 1977 2475; x_wconf 88' lang='grc' dir='ltr'><em>τὸν</em></span> <span class='ocrx_word' id='word_1_180' title='bbox 2030 2410 2200 2473; x_wconf 91' lang='grc' dir='ltr'><em>θεὸν</em></span> <span class='ocrx_word' id='word_1_181' title='bbox 2252 2407 2293 2491; x_wconf 77' lang='grc' dir='ltr'>ἢ</span> 
     </span>
     <span class='ocr_line' id='line_1_23' title="bbox 265 2511 2294 2601; baseline -0.001 -20"><span class='ocrx_word' id='word_1_182' title='bbox 265 2515 510 2601; x_wconf 85' lang='grc' dir='ltr'><em>ὁμοίως</em></span> <span class='ocrx_word' id='word_1_183' title='bbox 575 2511 765 2601; x_wconf 85' lang='grc' dir='ltr'><em>εἶχεν.</em></span> <span class='ocrx_word' id='word_1_184' title='bbox 858 2518 917 2581; x_wconf 81' lang='grc' dir='ltr'><em>εἰ</em></span> <span class='ocrx_word' id='word_1_185' title='bbox 970 2512 1095 2600; x_wconf 74' lang='grc' dir='ltr'><em>μὲν</em></span> <span class='ocrx_word' id='word_1_186' title='bbox 1148 2518 1275 2600; x_wconf 76' lang='grc' dir='ltr'><em>γὰρ</em></span> <span class='ocrx_word' id='word_1_187' title='bbox 1331 2516 1726 2600; x_wconf 79' lang='grc' dir='ltr'><em>ἠλάττωται,</em></span> <span class='ocrx_word' id='word_1_188' title='bbox 1791 2520 1861 2581; x_wconf 88' lang='grc' dir='ltr'><em>τί</em></span> <span class='ocrx_word' id='word_1_189' title='bbox 1911 2517 1985 2581; x_wconf 87' lang='grc' dir='ltr'><em>τὸ</em></span> <span class='ocrx_word' id='word_1_190' title='bbox 2044 2522 2294 2593; x_wconf 84' lang='grc' dir='ltr'><em>αἰ’τιον;</em></span> 
     </span>
     <span class='ocr_line' id='line_1_24' title="bbox 263 2617 2295 2711; baseline -0 -25"><span class='ocrx_word' id='word_1_191' title='bbox 263 2622 429 2706; x_wconf 80' lang='grc' dir='ltr'><em>ὕλης</em></span> <span class='ocrx_word' id='word_1_192' title='bbox 484 2618 607 2707; x_wconf 75' lang='grc' dir='ltr'><em>μὲν</em></span> <span class='ocrx_word' id='word_1_193' title='bbox 660 2624 788 2707; x_wconf 75' lang='grc' dir='ltr'><em>γὰρ</em></span> <span class='ocrx_word' id='word_1_194' title='bbox 845 2618 1047 2687; x_wconf 73' lang='grc' dir='ltr'><strong><em>οὐδὲν</em></strong></span> <span class='ocrx_word' id='word_1_195' title='bbox 1101 2633 1397 2706; x_wconf 85' lang='grc' dir='ltr'><em>μετεῖχεν</em></span> <span class='ocrx_word' id='word_1_196' title='bbox 1449 2633 1583 2687; x_wconf 81' lang='grc' dir='ltr'><em>τῶν</em></span> <span class='ocrx_word' id='word_1_197' title='bbox 1635 2624 1813 2709; x_wconf 76' lang='grc' dir='ltr'><em>παρὰ</em></span> <span class='ocrx_word' id='word_1_198' title='bbox 1861 2630 2037 2711; x_wconf 78' lang='grc' dir='ltr'><em>θεῷ,</em></span> <span class='ocrx_word' id='word_1_199' title='bbox 2092 2622 2167 2686; x_wconf 80' lang='grc' dir='ltr'><em>ἓν</em></span> <span class='ocrx_word' id='word_1_200' title='bbox 2220 2617 2295 2685; x_wconf 74' lang='grc' dir='ltr'><em>δὲ</em></span> 
     </span>
     <span class='ocr_line' id='line_1_25' title="bbox 265 2727 2294 2813; baseline -0.001 -18"><span class='ocrx_word' id='word_1_201' title='bbox 265 2732 478 2813; x_wconf 87' lang='grc' dir='ltr'><strong><em>μόνον</em></strong></span> <span class='ocrx_word' id='word_1_202' title='bbox 533 2728 796 2811; x_wconf 78' lang='grc' dir='ltr'><em>ἀγαθὸν</em></span> <span class='ocrx_word' id='word_1_203' title='bbox 850 2728 1128 2812; x_wconf 83' lang='grc' dir='ltr'><em>εἰσάγει,</em></span> <span class='ocrx_word' id='word_1_204' title='bbox 1182 2729 1303 2793; x_wconf 89' lang='grc' dir='ltr'><em>τὸν</em></span> <span class='ocrx_word' id='word_1_205' title='bbox 1355 2731 1552 2813; x_wconf 89' lang='grc' dir='ltr'><em>θεόν,</em></span> <span class='ocrx_word' id='word_1_206' title='bbox 1605 2727 1715 2793; x_wconf 85' lang='grc' dir='ltr'><em>καὶ</em></span> <span class='ocrx_word' id='word_1_207' title='bbox 1762 2729 1838 2794; x_wconf 76' lang='grc' dir='ltr'><em>ἓν</em></span> <span class='ocrx_word' id='word_1_208' title='bbox 1881 2731 2115 2812; x_wconf 85' lang='grc' dir='ltr'><em>κακόν,</em></span> <span class='ocrx_word' id='word_1_209' title='bbox 2171 2728 2294 2811; x_wconf 86' lang='grc' dir='ltr'><em>τὴν</em></span> 
     </span>
     <span class='ocr_line' id='line_1_26' title="bbox 263 2829 2371 2921; baseline -0 -22"><span class='ocrx_word' id='word_1_210' title='bbox 263 2834 454 2919; x_wconf 75' lang='grc' dir='ltr'><strong><em>ὕλην.</em></strong></span> <span class='ocrx_word' id='word_1_211' title='bbox 547 2837 606 2900; x_wconf 81' lang='grc' dir='ltr'><em>εἰ</em></span> <span class='ocrx_word' id='word_1_212' title='bbox 651 2831 727 2899; x_wconf 72' lang='grc' dir='ltr'><em>δὲ</em></span> <span class='ocrx_word' id='word_1_213' title='bbox 773 2835 1016 2919; x_wconf 89' lang='grc' dir='ltr'><em>ὁμοίως</em></span> <span class='ocrx_word' id='word_1_214' title='bbox 1062 2829 1268 2919; x_wconf 84' lang='grc' dir='ltr'><em>εἶχεν,</em></span> <span class='ocrx_word' id='word_1_215' title='bbox 1322 2838 1505 2913; x_wconf 90' lang='grc' dir='ltr'><strong><em>τίνος</em></strong></span> <span class='ocrx_word' id='word_1_216' title='bbox 1550 2833 1743 2901; x_wconf 78' lang='grc' dir='ltr'><em>ἕνεκα</em></span> <span class='ocrx_word' id='word_1_217' title='bbox 1786 2835 1860 2913; x_wconf 87' lang='grc' dir='ltr'><em>ὃς</em></span> <span class='ocrx_word' id='word_1_218' title='bbox 1904 2832 2028 2921; x_wconf 73' lang='grc' dir='ltr'><em>μὲν</em></span> <span class='ocrx_word' id='word_1_219' title='bbox 2072 2836 2291 2920; x_wconf 79' lang='grc' dir='ltr'><em>ὥσπερ</em></span> <span class='ocrx_word' id='word_1_220' title='bbox 2322 2859 2371 2899; x_wconf 80' lang='lat'><em>25</em></span> 
     </span>
    </p>
   </div>
   <div class='ocr_carea' id='block_1_3' title="bbox 273 2998 698 3006">
    <p class='ocr_par' dir='ltr' id='par_1_5' title="bbox 273 2998 698 3006">
     <span class='ocr_line' id='line_1_27' title="bbox 273 2998 698 3006; baseline 0 794"><span class='ocrx_word' id='word_1_221' title='bbox 273 2998 698 3006; x_wconf 95' lang='lat' dir='ltr'><em> </em></span> 
     </span>
    </p>
   </div>
   <div class='ocr_carea' id='block_1_4' title="bbox 263 3097 2292 3369">
    <p class='ocr_par' dir='ltr' id='par_1_6' title="bbox 263 3097 2292 3369">
     <span class='ocr_line' id='line_1_28' title="bbox 409 3097 2292 3158; baseline -0.001 -5"><span class='ocrx_word' id='word_1_222' title='bbox 409 3105 442 3153; x_wconf 86' lang='lat'><strong>3</strong></span> <span class='ocrx_word' id='word_1_223' title='bbox 500 3099 569 3154; x_wconf 87' lang='lat' dir='ltr'><em>cf.</em></span> <span class='ocrx_word' id='word_1_224' title='bbox 624 3098 930 3153; x_wconf 86' lang='lat' dir='ltr'>multorum</span> <span class='ocrx_word' id='word_1_225' title='bbox 992 3098 1312 3158; x_wconf 73' lang='lat' dir='ltr'>imitatione</span> <span class='ocrx_word' id='word_1_226' title='bbox 1374 3097 1570 3153; x_wconf 75' lang='lat' dir='ltr'>tritam</span> <span class='ocrx_word' id='word_1_227' title='bbox 1632 3098 1886 3153; x_wconf 74' lang='lat' dir='ltr'>Platonis</span> <span class='ocrx_word' id='word_1_228' title='bbox 1951 3098 2292 3153; x_wconf 78' lang='lat' dir='ltr'>sententiam</span> 
     </span>
     <span class='ocr_line' id='line_1_29' title="bbox 263 3168 2290 3240; baseline 0 -15"><span class='ocrx_word' id='word_1_229' title='bbox 263 3171 506 3226; x_wconf 79' lang='lat' dir='ltr'>Phaedr.</span> <span class='ocrx_word' id='word_1_230' title='bbox 537 3175 670 3224; x_wconf 71' lang='lat'>247⁸</span> <span class='ocrx_word' id='word_1_231' title='bbox 707 3168 929 3240; x_wconf 85' lang='grc' dir='ltr'><strong><em>φθόνος</em></strong></span> <span class='ocrx_word' id='word_1_232' title='bbox 966 3169 1069 3237; x_wconf 76' lang='grc' dir='ltr'><em>ἔξω</em></span> <span class='ocrx_word' id='word_1_233' title='bbox 1107 3171 1274 3225; x_wconf 87' lang='grc' dir='ltr'><strong><em>θείου</em></strong></span> <span class='ocrx_word' id='word_1_234' title='bbox 1311 3179 1480 3240; x_wconf 83' lang='grc' dir='ltr'><strong><em>χοροῦ</em></strong></span> <span class='ocrx_word' id='word_1_235' title='bbox 1520 3172 1739 3224; x_wconf 79' lang='grc' dir='ltr'><em>ἵσταται</em></span> <span class='ocrx_word' id='word_1_236' title='bbox 1865 3174 1996 3238; x_wconf 77' lang='lat' dir='ltr'><strong>Ssq.</strong></span> <span class='ocrx_word' id='word_1_237' title='bbox 2035 3169 2104 3225; x_wconf 83' lang='lat' dir='ltr'><em>ef.</em></span> <span class='ocrx_word' id='word_1_238' title='bbox 2142 3170 2290 3225; x_wconf 76' lang='lat' dir='ltr'>Plat.</span> 
     </span>
     <span class='ocr_line' id='line_1_30' title="bbox 264 3239 2290 3369; baseline -0 -73"><span class='ocrx_word' id='word_1_239' title='bbox 264 3242 509 3367; x_wconf 34' lang='lat' dir='ltr'>3229ch</span> <span class='ocrx_word' id='word_1_240' title='bbox 527 3240 681 3369; x_wconf 37' lang='lat'>83⁸8&amp;</span> <span class='ocrx_word' id='word_1_241' title='bbox 826 3246 892 3295; x_wconf 81' lang='lat'><em>18</em></span> <span class='ocrx_word' id='word_1_242' title='bbox 930 3239 1056 3311; x_wconf 78' lang='grc' dir='ltr'><em>ἥκει</em></span> <span class='ocrx_word' id='word_1_243' title='bbox 1093 3240 1122 3296; x_wconf 85' lang='grc' dir='ltr'>ὁ</span> <span class='ocrx_word' id='word_1_244' title='bbox 1161 3241 1322 3311; x_wconf 80' lang='grc' dir='ltr'><strong><em>λόγος</em></strong></span> <span class='ocrx_word' id='word_1_245' title='bbox 1354 3240 1820 3310; x_wconf 71' lang='grc' dir='ltr'><em>περιφερόμενοςε</em></span> <span class='ocrx_word' id='word_1_246' title='bbox 1859 3240 1928 3295; x_wconf 84' lang='lat' dir='ltr'><em>cf.</em></span> <span class='ocrx_word' id='word_1_247' title='bbox 1956 3240 2103 3296; x_wconf 85' lang='lat' dir='ltr'>Plat.</span> <span class='ocrx_word' id='word_1_248' title='bbox 2140 3241 2290 3309; x_wconf 85' lang='lat' dir='ltr'>legg.</span> 
     </span>
    </p>
   </div>
   <div class='ocr_carea' id='block_1_5' title="bbox 272 3427 503 3433">
    <p class='ocr_par' dir='ltr' id='par_1_7' title="bbox 272 3427 503 3433">
     <span class='ocr_line' id='line_1_31' title="bbox 272 3427 503 3433; baseline 0 0"><span class='ocrx_word' id='word_1_249' title='bbox 272 3427 503 3433; x_wconf 95' lang='lat' dir='ltr'><em> </em></span> 
     </span>
    </p>
   </div>
   <div class='ocr_carea' id='block_1_6' title="bbox 414 3488 1135 3561">
    <p class='ocr_par' dir='ltr' id='par_1_8' title="bbox 414 3488 1135 3561">
     <span class='ocr_line' id='line_1_32' title="bbox 414 3488 1135 3561; baseline 0.001 -17"><span class='ocrx_word' id='word_1_250' title='bbox 414 3496 478 3544; x_wconf 90' lang='lat'><em>11</em></span> <span class='ocrx_word' id='word_1_251' title='bbox 521 3491 560 3546; x_wconf 90' lang='lat' dir='ltr'><em>f.</em></span> <span class='ocrx_word' id='word_1_252' title='bbox 600 3488 781 3561; x_wconf 77' lang='grc' dir='ltr'><em>ὥσπερ</em></span> <span class='ocrx_word' id='word_1_253' title='bbox 818 3489 854 3559; x_wconf 80' lang='grc' dir='ltr'>ἡ</span> <span class='ocrx_word' id='word_1_254' title='bbox 891 3490 984 3545; x_wconf 84' lang='lat' dir='ltr'><em>vel</em></span> <span class='ocrx_word' id='word_1_255' title='bbox 1018 3490 1135 3545; x_wconf 83' lang='lat' dir='ltr'>tale</span> 
     </span>
    </p>
   </div>
   <div class='ocr_carea' id='block_1_7' title="bbox 373 3581 1970 3632">
    <p class='ocr_par' dir='ltr' id='par_1_9' title="bbox 373 3581 1970 3632">
     <span class='ocr_line' id='line_1_33' title="bbox 373 3581 1970 3632; baseline -0.002 -2"><span class='ocrx_word' id='word_1_256' title='bbox 373 3588 530 3630; x_wconf 73' lang='lat' dir='ltr'>Annx.</span> <span class='ocrx_word' id='word_1_257' title='bbox 560 3590 736 3632; x_wconf 66' lang='grc' dir='ltr'><em>Ῐητοοῑ».</em></span> <span class='ocrx_word' id='word_1_258' title='bbox 765 3590 832 3632; x_wconf 83' lang='lat' dir='ltr'><em>ed.</em></span> <span class='ocrx_word' id='word_1_259' title='bbox 864 3590 1233 3630; x_wconf 78' lang='lat' dir='ltr'>Brinkmann.</span> <span class='ocrx_word' id='word_1_260' title='bbox 1940 3581 1970 3627; x_wconf 80' lang='lat'><strong>2</strong></span> 
     </span>
    </p>
   </div>
  </div>
 </body>
</html>
