2484 3800
204 120 337 176 XlV
1021 128 1426 179 PRAEFATIO

213 284 349 348 eius
422 285 746 371 reliquiae.
761 285 814 375 ¹)
917 286 1051 352 Sub
1115 289 1311 352 finem
1377 289 1581 375 igitur
1646 291 1883 354 saeculi
1947 288 2045 354 III
2057 287 2110 377 2)
2179 292 2250 354 in

214 389 542 478 Aegypto,
598 395 712 458 ubi
768 395 882 458 illa
934 399 1161 479 postea
1216 396 1408 481 longe
1473 397 1729 481 lateque
1795 398 2011 481 fluxit,
2076 398 2249 481 apud

210 503 468 584 gentem
532 501 956 587 religionibus
1018 505 1082 565 et
1146 503 1714 586 superstitionibus
1779 502 2244 568 deditissimam

210 626 248 667 a
291 605 588 688 pluribus
643 607 881 671 tradita
936 630 1070 671 esse
1125 608 1303 672 illius
1356 613 1698 693 praecepta
1748 631 1878 674 non
1926 614 2021 673 est
2069 610 2244 693 quod

208 732 543 798 negemus,
606 714 831 797 utique
896 715 951 778 si
1013 715 1495 779 meminerimus
1568 717 1696 780 iam
1763 715 2245 780 Diocletianum

211 819 588 903 gravissime
634 819 702 882 in
749 843 856 885 eos
902 822 1148 885 consuli
1196 818 1435 907 (edicto
1482 820 1912 886 Alexandriae
1960 823 2108 886 dato
2118 874 2136 908 ,
2184 847 2244 887 v.

209 925 343 988 cod.
378 923 640 1013 Gregor.
660 926 817 993 XIV
843 928 887 991 4
913 927 1113 1012 p.44*
1131 950 1269 1011 sqq.
1299 925 1593 1015 Haenel.)
1632 929 1907 992 iussisse.
1969 928 2073 992 Ex
2111 951 2242 1013 quo

209 1032 378 1096 effici
422 1034 678 1099 videtur
723 1036 1050 1119 scripsisse
1095 1034 1554 1119 Alexandrum,
1606 1035 1661 1099 si
1707 1037 1920 1099 minus
1968 1039 2244 1099 exeunte

207 1141 459 1205 saeculo
526 1143 745 1227 tertio,
808 1143 1024 1227 priore
1088 1147 1259 1207 certe
1319 1142 1533 1226 quarti
1591 1145 1801 1227 parte3
1865 1143 2037 1205 ultra
2102 1142 2243 1205 eius

207 1250 480 1310 aetatem
526 1248 904 1332 protrudere
950 1272 1081 1314 non
1126 1249 1295 1312 licet.
1312 1246 1363 1335 3)

208 1473 471 1527 occupare
500 1458 706 1513 dicitur
733 1461 792 1514 et
826 1459 887 1512 in
916 1458 1174 1513 sollemni
1211 1456 1581 1513 execrationis
1618 1457 1860 1512 formula
1884 1456 2241 1513 Manichaeis

206 1546 661 1601 convertentibus
697 1546 1051 1616 praescripta
1086 1549 1160 1616 (v.
1199 1549 1426 1616 patrum
1466 1546 1703 1616 apostol.
1743 1563 1870 1615 opp.
1910 1546 1995 1600 ed.
2036 1561 2071 1598 a
2098 1546 2138 1601 I.
2171 1546 2242 1601 B.

207 1632 482 1690 Cotelerio
512 1637 563 1688 1²
588 1654 643 1705 p.
667 1642 770 1690 545
801 1639 858 1691 et
876 1637 985 1692 Iac.
1016 1635 1187 1691 Tollii
1214 1635 1421 1704 insign.
1450 1633 1727 1689 itinerarii
1755 1634 1941 1688 Italici
1970 1633 2239 1706 [Traiect.

205 1723 367 1795 1696]
414 1742 468 1793 p.
503 1729 606 1777 144
644 1729 702 1778 et
739 1724 888 1778 Goar
932 1724 1121 1779 ritual.
1169 1740 1352 1794 graec.
1401 1743 1454 1793 p.
1485 1725 1610 1793 885)
1661 1722 1723 1775 in
1760 1720 2077 1792 praecipuis
2115 1723 2242 1776 Ma-

203 1811 351 1865 netis
390 1812 683 1883 discipulis
719 1816 1046 1867 numeratur
1083 1844 1150 1853 —-
1187 1811 1250 1865 id
1288 1812 1439 1879 quod
1474 1812 1729 1881 plerique
1767 1814 2122 1880 sumpserunt
2144 1844 2235 1880 —‚
2269 1858 2274 1862 .

201 1903 432 1969 propter
468 1901 757 1955 hominum
785 1902 1034 1957 Thomae
1061 1918 1266 1956 nomen
1293 1901 1595 1955 ferentium
1622 1898 2044 1955 multitudinem
2079 1901 2234 1955 affir-

199 2005 354 2042 mare
390 2006 504 2042 non
541 1990 738 2046 ausim.
813 1989 1048 2044 Accedit
1083 1989 1234 2058 quod
1275 1989 1388 2043 alio
1426 1990 1549 2043 loco
1589 1991 1720 2059 (act.
1751 1987 1917 2043 Arch.
1954 2006 2010 2057 p.
2043 1991 2131 2059 70)
2169 1990 2238 2044 in

201 2075 436 2146 Syriam,
477 2076 589 2131 alio
627 2078 926 2148 (Epiphan.
964 2079 1178 2133 haeres.
1209 2077 1385 2132 LXVI
1417 2084 1503 2147 12,
1544 2078 1613 2133 cf.
1643 2077 1976 2132 Theodoret.
2015 2076 2234 2135 haeret.

199 2166 312 2220 fab.
343 2166 368 2218 I
408 2172 498 2237 26)
534 2167 596 2220 in
631 2168 898 2221 Iudaeam
935 2167 1208 2236 migrasse
1246 2168 1440 2222 fertur.
1513 2166 1696 2220 Multo
1749 2165 1922 2220 etiam
1959 2165 2079 2219 veri
2118 2165 2236 2221 dis-

202 2252 440 2307 similior
496 2256 585 2308 est
640 2271 832 2308 eorum
886 2255 1138 2325 opinatio
1189 2254 1281 2326 (cf.
1322 2253 1643 2324 Wesseling
1687 2252 1965 2323 probabil.
2005 2270 2126 2323 cap.
2157 2260 2230 2309 28

197 2360 251 2410 p.
283 2347 388 2395 249
445 2346 502 2397 et
551 2342 870 2397 Beausobre
907 2343 943 2397 l.
982 2359 1027 2398 c.
1058 2342 1084 2396 I
1118 2361 1173 2412 p.
1206 2345 1321 2413 77),
1377 2342 1478 2411 qui
1513 2342 1767 2411 Papum
1814 2342 2052 2396 eundem
2100 2359 2226 2398 esse

197 2431 497 2486 voluerunt
532 2448 658 2485 cum
694 2430 947 2500 Paapide
983 2431 1044 2483 in
1081 2431 1280 2485 eadem
1332 2429 1435 2484 illa
1479 2430 1721 2484 formula
1770 2434 2224 2489 commemorato,

200 2523 431 2583 Παᾶπις
468 2519 617 2575 enim
652 2535 855 2573 nomen
889 2518 1232 2589 Aegyptium
1272 2520 1344 2573 ab
1382 2517 1566 2587 Apide
1606 2518 1836 2572 ductum
1876 2520 1986 2589 est,
2025 2518 2232 2583 Πάπος

198 2640 266 2650 -
303 2609 395 2664 vel
440 2609 630 2679 potius
677 2612 885 2671 Παπᾶς
931 2610 1032 2662 aut
1076 2606 1345 2675 Πάππος,
1392 2621 1526 2660 nam
1571 2606 1773 2669 Πάπος
1819 2606 1984 2660 nihili
2031 2611 2119 2662 est
2155 2640 2226 2649 —

197 2698 367 2766 plane
423 2697 721 2752 diversum.
795 2698 1022 2752 Kessler
1077 2696 1266 2750 Mani.
1324 2696 1719 2767 Forschwnyen
1773 2699 1908 2752 aber
1961 2697 2049 2752 die
2095 2698 2229 2753 Ma-

196 2788 530 2841 nichaeische
557 2786 816 2858 Reliyion
843 2786 868 2838 I
897 2784 1274 2855 (Ber01.1889)
1302 2802 1357 2853 p.
1375 2790 1443 2838 43
1473 2786 1531 2838 et
1557 2790 1660 2839 219
1689 2784 1773 2839 ita
1802 2784 1989 2838 omnia
2025 2785 2230 2841 miscet

197 2876 262 2929 ut
296 2875 582 2944 legentem
621 2873 886 2944 corripiat
912 2873 1142 2950 ‘vertigo
1178 2876 1487 2942 praerupta
1522 2873 1817 2928 cernentis.

344 2966 396 3033 1)
434 2961 514 3018 Cf.
542 2962 769 3015 Kessler
803 2961 840 3016 1.
870 2978 914 3015 c.
944 2979 999 3030 p.
1031 2967 1133 3015 213
1159 2979 1280 3030 sqq.
1335 2961 1503 3032 Apud
1538 2961 1972 3031 Abulfaragium
1998 2962 2228 3018 LXXVI

197 3051 475 3123 epistulae
514 3051 926 3105 enumerantur.

340 3145 395 3210 2)
431 3141 514 3194 De
544 3138 786 3193 Manetis
823 3138 978 3194 vitae
1015 3138 1366 3208 temporibus
1396 3156 1448 3193 v.
1470 3138 1570 3194 Th.
1591 3138 1882 3193 Noeldeke
1914 3140 2230 3197 Geschichte

197 3232 292 3284 der
327 3231 521 3285 Perser
553 3230 673 3283 und
708 3227 925 3282 Araber
967 3243 1069 3283 zwr
1103 3228 1227 3283 Zeit
1272 3228 1369 3282 der
1414 3227 1725 3283 Sasanide‘n
1774 3244 1876 3282 aus
1921 3229 2016 3283 der
2065 3231 2226 3286 arab.

201 3316 446 3372 Chronik
482 3318 572 3371 des
614 3316 823 3371 Tabari
861 3316 1056 3386 (Lugd.
1098 3318 1260 3385 1879)
1298 3333 1352 3384 Ρ.
1383 3320 1471 3382 47,
1500 3320 1548 3370 5.

341 3409 394 3470 3)
431 3404 576 3458 Vide
613 3422 722 3472 quo
758 3404 925 3459 modo
965 3421 1015 3458 a.
1055 3409 1157 3458 376
1208 3405 1427 3459 locutus
1474 3404 1551 3459 sit
1585 3403 1937 3474 Epiphanius
1986 3406 2223 3476 (haereS.

197 3491 372 3544 LXVI
403 3493 516 3561 12):
557 3494 658 3546 οὐκ
699 3492 809 3547 ἔστι
844 3493 949 3565 γὰρ
981 3494 1323 3564 ἀρχαΐζουσα
1352 3494 1385 3562 ἡ
1422 3496 1648 3566 αἵρεσις,
1677 3493 1773 3549 καὶ
1804 3493 1863 3549 οἱ
1896 3512 2225 3567 συντετυχη-
