2484 3800
1007 120 1408 171 PRAEFATIO
2119 118 2224 173 XV

325 281 575 345 Eodem
622 281 691 345 ni
737 280 929 345 faHor
974 280 1243 345 redeunt
1291 302 1453 364 quae
1491 280 1569 344 de
1605 280 1796 344 rebus
1833 280 2223 345 Christiano-

189 412 337 454 rum
394 390 613 450 narrat
670 390 735 450 et
790 387 978 451 initio
1036 390 1101 450 et
1154 409 1215 470 p.
1261 386 1362 451 24.
1435 386 1606 451 Nam
1653 387 1730 451 de
1784 387 2223 471 triumphante

193 518 341 560 eum
381 494 645 557 ecclesia
682 493 807 557 ista
843 493 1165 557 dicturum
1201 493 1400 557 fuisse
1437 494 1548 558 vix
1583 494 2222 578 mihipersuaserim.

190 602 279 665 Et
346 622 494 664 cum
557 621 638 664 ne
703 621 776 664 eo
844 599 1102 683 quidem
1166 603 1483 684 tempore,
1548 622 1675 683 quo
1741 599 2225 684 opprimebatur

194 707 354 771 fides
406 704 770 770 Christiana
825 709 900 769 ut
952 706 1202 770 ultimis
1247 705 1638 770 Diocletiani
1683 710 1748 771 et
1794 707 1905 791 qui
1951 707 2224 770 insecuti

191 816 343 877 sunt
402 812 611 897 anniS,
675 811 832 875 talia
885 810 1081 874 scribi
1143 812 1430 894 potuisse
1488 811 1804 895 quispiam
1867 813 2224 897 crediderit,

194 923 303 983 aut
366 919 448 982 ad
509 940 582 981 ea
641 917 936 982 ducimur
990 920 1282 1000 tempora
1339 939 1501 1001 quae
1555 919 1984 1001 persecutioni
2032 943 2224 1004 quam

191 1028 427 1090 vocant
472 1023 862 1088 Diocletiani
920 1028 1395 1088 antecesserunt
1409 1021 1460 1111 1>
1518 1028 1629 1089 aut
1684 1047 1846 1109 quae
1893 1048 2032 1089 eam
2078 1027 2224 1090 sub-

193 1135 413 1196 secuta
468 1135 635 1195 sunt.
730 1129 856 1195 Sed
902 1130 1208 1215 quicquid
1256 1131 1333 1194 de
1379 1131 1500 1195 hac
1546 1153 1614 1195 re
1662 1134 2007 1217 statuetur,
2065 1154 2099 1196 e
2154 1155 2223 1197 re

195 1239 319 1302 erit
365 1237 732 1301 meminisse
778 1237 952 1300 haud
1004 1258 1240 1322 magno
1287 1238 1495 1321 spatio
1544 1260 1689 1302 eum
1736 1238 1970 1302 afuisse
2017 1237 2097 1301 ab
2144 1238 2224 1302 iis

196 1342 626 1429 temporibus,
686 1343 920 1428 quibus
973 1342 1298 1429 motinus,
1363 1344 1498 1407 eius
1552 1344 1822 1408 forsitan
1877 1344 2225 1428 populariS,

195 1450 639 1536 gnosticorum
677 1450 1034 1514 doctrinam
1072 1450 1477 1536 impugnavit
1489 1448 1541 1537 ²)
1569 1450 1990 1536 magistrique
2028 1450 2224 1514 ductu

197 1561 262 1620 et
302 1556 606 1640 auspiciis
636 1556 934 1640 discipuli
968 1556 1035 1619 in
1072 1578 1274 1620 novos
1311 1557 1528 1621 hostes
1565 1557 1750 1643 signa
1785 1556 2142 1621 intulerunt
2155 1554 2226 1642 3),

195 1664 391 1727 etiam
438 1662 732 1727 breviore
779 1666 993 1726 autem
1040 1661 1120 1725 ab
1168 1684 1241 1726 ea
1278 1666 1503 1748 aetate,
1542 1686 1668 1747 qua
1704 1685 1850 1727 cum
1887 1663 1997 1727 alii
2033 1663 2225 1726 multi

194 1767 280 1856 (v.
318 1770 612 1833 Lactant.
662 1769 785 1833 div.
832 1769 978 1833 inst.
1016 1768 1080 1832 V
1115 1767 1187 1856 4)
1246 1774 1385 1832 tum
1439 1767 1930 1856 Porphyrius4)‚
1984 1769 2104 1832 flos
2160 1772 2224 1831 et

190 1998 354 2061 κότες
389 2004 465 2070 τῷ
502 1995 886 2070 προειρημένῳ
916 1996 1164 2073 Ἑρμεία,
1204 2001 1433 2069 μαθητῇ
1473 1997 1594 2052 ὄντι
1628 2006 1727 2053 τοῦ
1756 1996 1950 2069 Μάνη,
1988 1998 2121 2069 ἡμῖν
2153 1998 2224 2051 τὰ

191 2086 321 2142 κατ’
364 2087 540 2141 αὐτὸν
578 2086 934 2157 διηγήσαντο.
1009 2088 1086 2140 At
1121 2103 1236 2140 non
1275 2087 1457 2141 solum
1492 2086 1755 2141 Hermiae
1791 2104 1995 2142 nomen
2030 2104 2224 2142 verum

192 2176 370 2231 etiam
402 2174 472 2229 τὰ
499 2175 644 2230 κατὰ
671 2176 769 2230 τὸν
788 2174 1001 2243 Μάνην
1022 2190 1091 2229 ex
1119 2174 1280 2228 libris
1309 2175 1662 2244 maximeque
1691 2191 1759 2229 ex
1789 2176 1932 2231 actis
1960 2174 2225 2229 Archelai

195 2263 456 2334 sumpsit.

343 2376 396 2438 1)
434 2370 676 2439 Egregie
714 2369 1016 2424 concinunt
1051 2387 1179 2425 cum
1206 2369 1514 2424 Alexandri
1553 2368 1735 2424 verbis
1773 2387 1918 2438 quae
1947 2369 2223 2423 Eusebius

192 2460 327 2515 hist.
368 2459 503 2514 eccl.
532 2459 663 2511 VIII
703 2465 750 2528 1,
782 2464 813 2513 5
872 2459 940 2513 de
996 2458 1163 2513 huius
1220 2458 1428 2513 aetatis
1485 2458 1733 2514 moribus
1783 2459 2224 2514 Christianorum

191 2550 419 2603 narrat:
468 2549 539 2610 ὡς
583 2547 645 2602 δὲ
695 2544 756 2603 ἐκ
793 2556 891 2617 τῆς
937 2543 1030 2602 ἐπὶ
1066 2547 1237 2603 πλέον
1278 2543 1605 2617 ἐλευθερίας
1644 2548 1736 2602 ἐπὶ
1772 2545 2088 2618 χαυνότητα
2126 2549 2224 2601 καὶ

194 2639 460 2707 νωθρίαν
496 2635 567 2689 τὰ
602 2635 744 2690 καθ’
785 2637 931 2706 ἡμᾶς
967 2636 1596 2706 μετηλλάττετο,“ἄλλων
1634 2636 1834 2699 ἄλλους
1871 2638 2223 2705 διαφθονου-

196 2724 383 2796 μένων
421 2725 521 2779 καὶ
557 2723 1119 2795 ὃιαλοιὸορουμένων,
1148 2725 1248 2779 καὶ
1275 2725 1762 2795 μονονουχὶ-ἡμῶν
1791 2727 1975 2780 αὐτῶν
2005 2721 2224 2788 ἑαυτοῖς

195 2814 740 2885 προσπολεμούντων
779 2813 992 2882 ὅπλοις,
1034 2813 1088 2869 εἰ
1137 2814 1278 2869 οὕτω
1324 2814 1505 2885 τύχοι,
1551 2814 1650 2868 καὶ
1705 2813 1903 2884 δόρασι
1956 2822 2072 2877 τοῖς
2127 2815 2225 2869 διὰ

197 2904 396 2971 λόγων,
427 2903 714 2972 ἀρχόντων
752 2922 810 2958 τε
849 2902 1082 2974 ἄρχουσι
1118 2902 1587 2973 προσρηγνύντων
1614 2903 1713 2957 καὶ
1749 2908 1898 2957 λαῶν
1936 2899 2028 2958 ἐπὶ
2057 2906 2226 2966 λαοὺς

196 2991 754 3057 καταστασιαζόντων
781 2987 892 3048 κτὲ.

346 3101 401 3168 2)
436 3095 502 3151 V.
542 3096 829 3152 Plotin.11
868 3103 898 3150 9
956 3099 1116 3167 (πρὸς
1152 3098 1283 3161 τοὺς
1337 3098 1517 3152 κακὸν
1570 3097 1668 3152 τὸν
1725 3098 2067 3168 δημιουργὸν
2124 3109 2222 3154 τοῦ

196 3183 411 3256 κόσμου
449 3186 547 3240 καὶ
583 3187 681 3240 τὸν
720 3185 927 3255 κόσμον
963 3187 1142 3240 κακὸν
1190 3184 1337 3240 εἶναι
1388 3184 1668 3256 λέγοντας)
1724 3185 1791 3240 cl.
1829 3186 2125 3255 Porphyrii
2169 3205 2222 3243 v.

196 3273 416 3328 Plotini
454 3280 538 3328 16.

348 3382 404 3450 3)
442 3378 508 3434 V.
546 3379 844 3450 Porphyrii
878 3398 929 3436 v.
968 3380 1178 3435 Plotini
1218 3386 1302 3435 16.

346 3489 399 3558 4)
457 3486 744 3552 Quatenus
815 3487 1123 3542 Alexandri
1194 3488 1266 3542 de
1336 3485 1607 3554 religione
1682 3483 2000 3539 Christiana
2079 3482 2221 3538 iudi-
