2484 3800
209 142 292 206 10
671 138 1163 199 ΑΛΕΞΑΝΔΡΟΤ
1198 140 1748 194 ΛΤΚΟΠΟΛΙΤΟΤ

203 304 433 387 ητικὸν
478 308 695 368 αἴτιον
738 309 1107 388 θεωρῆται,
1153 300 1196 366 ἃ
1241 298 1401 367 οὐδὲ
1446 299 1666 384 λέγειν
1713 307 1871 378 ἴσως
1913 300 2109 387 θέμις
2135 342 2227 349 —

203 413 416 474 καίτοι
445 410 526 475 οὐ
555 407 876 494 δεομένου
903 418 1024 473 τοῦ
1049 415 1220 474 θεοῦ
1248 410 1413 495 πρὸς
1435 410 1515 474 τὰ
1535 408 2022 493 ἀποτελέσματα
2039 410 2223 494 ὕλης,

205 515 278 581 έν
294 516 651 582 ὑποστάσει
679 514 1072 601 δυναμένων
1092 519 1449 598 γίγνεσθαι
1479 517 1749 581 πάντων
1774 516 1941 602 πρὸς
1970 516 2226 583 ἐκεῖνον

203 624 322 687 τὸν
366 632 550 688 νοῦν.
624 625 682 688 εἰ
729 621 822 707 δέ,
870 623 1030 708 ὅπερ
1075 628 1332 707 μᾶλλον
1376 620 1690 705 λέγεσθαι
1737 624 1920 689 δοκεῖ
1960 622 2074 688 ὑπ’
2106 623 2225 695 αὐ,-

150 750 176 790 5
203 739 352 813 τοῦ,
415 729 457 812 ἡ
513 731 788 806 ἄτακτος
848 734 1107 813 κίνησις
1168 740 1305 795 τῶν
1368 731 1583 794 ὄντων
1647 726 1829 794 ἐστὶν
1881 729 2010 814 <ἡ>
2073 730 2224 816 ὕλη,

201 846 468 922 πρῶτον
512 832 635 921 μὲν
681 837 1004 902 λανθάνει
1059 834 1297 901 ἑαυτὸν
1347 833 1574 922 ἕτερον
1617 838 1964 919 ποιητικὸν
2008 843 2228 903 αἴτιον

202 941 677 1027 ὑφιστάμενος,
741 944 1102 1008 κακοποιὸν
1164 940 1420 1027 μέντοι,
1485 942 1608 1027 οὐχ
1666 942 1793 1029 ὁρᾷ
1849 938 1924 1008 δὲ
1982 942 2091 1008 καὶ
2146 945 2221 1010 τὸ

203 1045 556 1133 ἑπόμενον,
613 1049 714 1114 ὅτι
770 1050 829 1114 εἰ
880 1049 1050 1114 θεὸν
1100 1051 1364 1125 πάντως
1417 1047 1826 1114 ὑποστατέον
1868 1047 1978 1114 καὶ
2030 1050 2223 1135 ὕλην,

203 1153 390 1241 ἑτέρα
435 1179 535 1232 τις
577 1155 705 1238 ὕλη
760 1163 852 1242 τῷ
895 1162 1038 1243 θεῷ
1081 1156 1550 1239 ὑποστήσεται,
1601 1155 1714 1220 ἵνα
1762 1152 2041 1244 ἑκατέρω
2087 1168 2226 1222 τῶν

31 1266 183 1336 p.7c
201 1273 563 1345 ποιητικῶν
625 1263 858 1327 αἰτίων
919 1261 959 1345 ἡ
1033 1260 1431 1346 ὑποκειμένη
1502 1262 1765 1348 ὑπάρχῃ
1838 1262 1981 1345 ὕλη.
2072 1262 2224 1328 ἀντὶ

200 1367 435 1433 τοίνυν
471 1367 596 1434 δύο
633 1366 945 1455 τέτταρας
979 1367 1140 1452 ἡμῖν
1174 1379 1388 1434 ποιῶν
1424 1366 1630 1454 ἀρχὰς
1674 1368 2221 1453 ἐπιδειχθήσεται.

199 1475 550 1560 θαυμαστὴ
597 1470 672 1539 δὲ
716 1472 826 1539 καὶ
871 1474 911 1558 ἡ
960 1474 1450 1560 ἀντιδιαίρεσις.
1541 1476 1600 1540 εἰ
1644 1476 1771 1561 γὰρ
1826 1476 1986 1551 θεός
2042 1473 2223 1541 ἐστιν

198 1580 351 1667 παρ’
389 1581 568 1670 αὐτῷ
613 1581 774 1668 ὅπερ
820 1583 894 1647 τὸ
942 1580 1233 1665 ἀγαθόν,
1288 1580 1398 1646 καὶ
1453 1581 1763 1665 βούλεται
1807 1582 2222 1666 ὑφίστασθαι

201 1688 379 1776 αὐτῷ
426 1687 760 1772 ἐναντίον,
815 1688 928 1753 διὰ
981 1687 1054 1752 τί
1102 1687 1184 1753 οὐ
1233 1688 1536 1772 καθάπερ
1583 1684 1759 1763 τινὲς
1803 1698 1937 1753 τῶν
1982 1692 2222 1753 Πυθα-

121 1816 171 1855 15
199 1798 481 1880 γορείων
516 1796 591 1859 τὸ
628 1796 833 1860 κακὸν
869 1793 1048 1881 αὐτῷ
1090 1792 1539 1877 ἀντιτίθησιν;
1586 1792 2017 1881 ἀνεκτότερον
2052 1803 2222 1876 γοῦν

198 1901 309 1968 ὑπ’
356 1901 628 1968 ἐκείνων
672 1901 929 1985 λέγεται
984 1902 1108 1967 δύο
1155 1895 1329 1967 εἶναι
1383 1899 1615 1987 ἀρχάς,
1668 1902 1744 1966 τὸ
1802 1901 2064 1984 ἀγαθὸν
2106 1899 2217 1966 καὶ

194 2010 269 2074 τὸ
323 2010 556 2092 κακόν,
612 2010 985 2087 στασιάζειν
1038 2003 1113 2072 δὲ
1166 2009 1408 2085 ταύτας
1461 2018 1780 2092 συνεχως,
1847 2006 2221 2093 ἐπικρατεῖν

18 2122 59 2178 f
78 2128 177 2176 182
200 2112 274 2180 δὲ
309 2117 384 2180 τὸ
423 2115 563 2202 ἀγα
558 2113 727 2181 ’·θόν
766 2116 826 2180 εἰ
862 2117 987 2200 γὰρ
1025 2116 1099 2181 τὸ
1136 2116 1343 2180 κακὸν
1375 2113 1707 2200 ὑπερέχοι,
1745 2116 2220 2199 φθαρήσεσθαι

196 2224 427 2288 πάντα.
511 2222 678 2299 ὅλως
732 2224 859 2307 γὰρ
913 2220 1324 2305 καθἀὑτὴν
1378 2217 1501 2306 μὲν
1553 2221 1593 2305 ἡ
1649 2220 1777 2304 ὕλη
1833 2221 1984 2286 οὔτε
2035 2221 2222 2305 σωμά

119 2355 170 2393 20
200 2329 380 2395 ἐστιν
426 2330 578 2394 οὔτε
625 2327 911 2415 ἀκριβῶς
966 2327 1317 2413 ἀσώματόν
1361 2352 1426 2392 τι
1472 2328 1624 2393 οὔτε
1670 2326 1893 2403 ἁπλῶς
1938 2329 2089 2393 τόδε
2134 2351 2219 2410 τι,

197 2435 340 2502 ἀλλ’
377 2436 683 2523 ἀόριστός
726 2459 827 2511 τις
879 2438 1351 2520 προσλαβοῦσα
1404 2435 1478 2499 τὸ
1535 2429 1711 2510 εἶδος
1764 2436 2019 2516 γίνεται
2064 2435 2221 2520 ωρι-

198 2542 424 2628 σμένη,
471 2534 619 2608 οἷον
661 2542 786 2625 τὴν
828 2541 1170 2626 πυραμίδα
1217 2537 1343 2625 μὲν
1385 2539 1553 2625 πῦρ,
1607 2542 1682 2605 τὸ
1739 2540 2099 2626 ὀκτάεδρον
2144 2537 2219 2606 δὲ

197 2650 345 2736 ἀήρ,
390 2651 465 2715 τὸ
512 2649 937 2734 εἰκοσάεδρον
983 2643 1058 2712 δὲ
1102 2646 1317 2734 ὕδωρ,
1363 2648 1574 2730 κύβον
1619 2644 1693 2712 δὲ
1737 2655 1841 2730 γῆ.
1912 2659 2049 2724 πῶς
2095 2643 2222 2713 οὗν

200 2756 336 2822 ἐστι
398 2767 533 2820 τῶν
587 2757 932 2838 στοιχείων
993 2753 1033 2837 ἡ
1099 2755 1376 2831 άτακτος
1428 2756 1686 2837 κίνησις
1742 2753 1782 2837 ἡ
1837 2752 1993 2837 ὕλη;
2056 2752 2211 2818 καθ’

119 2886 169 2924 25
200 2860 441 2946 ἑαυτὴν
492 2858 615 2947 μὲν
670 2856 795 2926 οὖν
849 2860 972 2926 οὐκ
1026 2862 1208 2925 ἔστιν
1260 2860 1625 2944 ὑποστατή,
1678 2859 1719 2944 ἡ
1774 2862 1902 2946 γαρ
1961 2863 2221 2943 κίνησις

198 2969 272 3035 έν
315 2993 407 3033 τω
456 2964 855 3051 κινουμένῳ·
911 2966 992 3032 οὐ
1047 2968 1231 3032 δοκεῖ
1284 2962 1359 3031 δὲ
1412 2976 1720 3032 τοιοῦτον
1765 2961 1937 3031 εἶναι
1981 2966 2022 3051 ἡ
2068 2966 2218 3051 ὕλη,

339 3165 406 3214 19
418 3178 540 3229 sqq.
569 3162 629 3214 et
656 3165 724 3214 26
744 3177 866 3228 sqq.
906 3159 974 3215 cf.
1003 3157 1204 3213 Bonitz
1233 3158 1351 3213 Ind.
1384 3158 1613 3213 Aristot.
1649 3163 1852 3228 9⁷8⁵*
1870 3164 1938 3213 25
1950 3175 2071 3228 sqq.

196 3238 262 3285 21
277 3249 398 3300 sqq.
436 3231 506 3287 of.
543 3230 686 3287 Plat.
724 3231 867 3285 Tim.
907 3229 1005 3284 55⁶
1041 3229 1233 3299 ibique
1272 3229 1588 3284 Stallbaum
1768 3233 1836 3284 25
1858 3247 1939 3298 sq.
1970 3229 2039 3283 cf.
2069 3230 2215 3287 Plat.

196 3302 337 3358 Tim.
377 3308 486 3371 570,
522 3301 756 3358 Aristot.
794 3302 955 3372 phys.
985 3301 1063 3355 ΠΙ
1102 3306 1131 3355 1
1172 3304 1232 3356 et
1267 3305 1317 3370 3,
1354 3300 1535 3356 Procl.
1574 3300 1643 3355 de
1679 3302 1837 3355 motu
1873 3301 1899 3355 Ι
1936 3307 2005 3355 20
2034 3301 2108 3357 al.

339 3446 371 3495 5
411 3443 533 3516 (ἡ)
571 3442 769 3497 addidi
824 3443 890 3499 cl.
938 3443 974 3497 1.
1015 3450 1100 3499 24.
1149 3449 1233 3512 11,
1264 3447 1296 3496 3
1326 3441 1684 3497 a1.14
1719 3440 2089 3514 πυθαγορίων
2130 3444 2216 3499 M:

200 3527 336 3566 corr,
375 3512 415 3567 C
561 3517 626 3566 16
666 3512 930 3584 λέγεσθαι
964 3514 1024 3567 Μ
1169 3519 1235 3568 23
1274 3516 1311 3570 f.
1353 3513 1535 3588 <τὸν>
1572 3514 1747 3587 κύβον
