2484 3800
772 134 971 184 ΠΡΟΣ
1008 133 1149 183 ΤΑΣ
1185 132 1601 185 MANIXAIOT
1637 127 1877 189 ΔΟΞΑΣ
2235 128 2321 191 35

302 307 468 361 σιῶν
512 294 663 382 περὶ
709 295 916 361 αὐτοῦ
963 293 1231 377 λέγουσι
1277 295 1772 377 διαταττόμενοι
1819 291 1991 356 οὕτω
2038 315 2113 374 γε
2159 291 2326 355 ἁλώ-

303 419 551 467 σονται.
622 413 761 478 πῶς
806 396 932 467 οὖν
973 402 1095 484 τὴν
1131 398 1496 484 λεγομένην
1530 400 1819 464 παλαιὰν
1854 400 2117 463 ἅπασαν
2155 399 2327 462 ῑστο-
2345 409 2463 472 p.15

304 512 460 594 ρίαν
488 508 950 593 ἐκβάλλουσινς
988 508 1049 573 εἰ
1085 503 1159 571 δὲ
1199 506 1587 590 ἐπιγενητὸν
1612 507 1776 571 κατά
1802 529 1987 581 τινας
2016 502 2329 586 λέγουσιν

303 614 415 680 καὶ
470 626 604 679 τῶν
649 613 901 692 ἔξωθεν
947 613 1378 678 ἐπεισιόντων
1424 610 1535 677 καὶ
1590 613 2124 696 συμβαινόντων,
2180 627 2327 675 σκο-

304 724 632 806 πήσωμεν.
725 722 790 786 οἰ
843 722 970 806 γὰρ
1027 721 1110 802 δὴ
1166 720 1408 802 ταύτης
1460 719 1931 805 προὶστάμενοι
1975 727 2091 801 τῆς
2136 717 2330 800 δόξης
2383 741 2408 782 5

303 829 602 899 πιθανὸν
647 827 929 911 μάλιστα
984 824 1298 909 λέγουσιν
1341 824 1493 911 περὶ
1547 827 1628 890 τὰ
1685 810 1727 904 ξ
1769 827 1878 908 ἔτη
1934 833 2050 907 τῆς
2095 826 2330 906 αἰσθη-

304 944 490 1018 τικῆς
543 935 886 1019 δυνάμεως
949 935 1492 1019 διαρθρωθείσης
1556 931 1761 996 αὐτὸν
1816 930 2331 1017 ἐπεισέρχεσθαι.

306 1044 365 1108 εἰ
411 1042 494 1124 δὴ
540 1050 702 1117 νοῦς
744 1039 924 1105 ἐστιν
961 1039 996 1106 6
1035 1041 1301 1126 χριστὸς
1335 1037 1477 1103 κατ’
1516 1037 1779 1121 αὐτούς,
1827 1037 1999 1102 οὕτω
2037 1061 2113 1119 γε
2150 1040 2331 1102 ἔσται

305 1171 377 1213 τε
422 1149 555 1231 ἅμα
599 1144 709 1211 καὶ
756 1145 879 1211 οὐκ
925 1149 1125 1211 ἔσται.
1206 1143 1370 1231 πρὶν
1414 1141 1537 1228 μὲν
1581 1146 1707 1231 γὰρ
1757 1143 2169 1209 ἐπεισελθεῖν
2214 1145 2332 1209 τὸν

308 1264 477 1320 νοῦν
524 1252 794 1345 ,οὐδέπω
858 1252 1065 1336 ἐστίν,
1130 1258 1196 1317 εἴ
1253 1275 1327 1334 γε
1390 1260 1552 1329 νοῦς
1612 1251 1747 1316 ἐστι
1806 1250 1951 1316 κατ’
1998 1251 2239 1328 αὐτοὺς
2294 1252 2329 1317 6
2359 1276 2414 1315 10

305 1364 595 1447 χριστός·
642 1359 810 1426 ἀλλὰ
855 1360 986 1444 μὴν
1031 1361 1177 1424 όντι
1221 1382 1298 1441 γε
1344 1357 1523 1446 αὐτῷ
1570 1356 2008 1444 ἐπεισέρχεται
2055 1358 2091 1424 6
2139 1368 2330 1435 νοῦς·

307 1467 518 1543 οὕτως
564 1461 689 1532 οὖν
732 1467 935 1531 πάλιν
979 1464 1122 1530 κατ’
1160 1464 1404 1541 αὐτοὺς
1449 1466 1630 1529 ἔσται
1669 1464 1734 1549 [6
1772 1464 1980 1548 νοῦς].
2045 1468 2226 1530 ἔστιν
2262 1489 2332 1530 τε

304 1571 416 1638 καὶ
471 1573 594 1639 οὐκ
648 1576 831 1638 ἔστιν
886 1571 959 1637 ἐν
1012 1580 1104 1659 τῷ
1159 1571 1340 1658 αὐτῷ
1393 1574 1610 1659 χρόνῳ
1666 1571 1702 1637 6
1764 1573 2045 1658 χριστός.
2137 1574 2195 1637 εἰ
2256 1570 2333 1638 δὲ

305 1677 448 1744 κατ’
487 1678 709 1743 αὐτῶν
752 1679 875 1761 τὴν
917 1680 1277 1761 καλλίστην
1322 1677 1581 1763 αἵρεσιν
1626 1677 1661 1743 6
1708 1687 1870 1754 νοῦς
1914 1677 2051 1743 κατ’
2089 1679 2332 1756 αὐτούς

307 1784 490 1850 ἐστιν
533 1787 614 1850 τὰ
660 1787 821 1850 ὄντα
863 1785 1100 1867 πάντα,
1128 1822 1217 1829 —-
1247 1782 1386 1849 ἐπεὶ
1431 1784 1554 1868 τὴν
1597 1783 1768 1867 ὕλην
1805 1781 2129 1867 ἀγένητον
2169 1785 2332 1850 ὑπο-
2359 1808 2413 1847 15

304 1895 608 1958 τίθενται
653 1889 763 1957 καὶ
812 1893 1164 1977 ἰσόχρονον
1210 1892 1299 1968 ὡς
1345 1892 1554 1957 εἰπεῖν
1597 1898 1690 1979 τῷ
1734 1897 1875 1980 θεῷ
1901 1930 1989 1938 -
2016 1889 2126 1956 καὶ
2164 1902 2333 1958 νοῦν

305 1997 416 2063 καὶ
462 1998 633 2082 ὕλην
676 2007 919 2064 τοῦτον
963 2000 1082 2063 τὸν
1126 2001 1377 2084 τρόπον
1422 1999 1540 2063 τὸν
1584 2000 1857 2084 χριστὸν
1897 1998 2334 2063 ὑποτίθενται

306 2100 508 2188 εἶναι,
564 2105 719 2189 <εἰ’>
766 2129 840 2187 γε
895 2106 976 2169 τὰ
1029 2106 1245 2169 πάντα
1289 2103 1432 2169 κατ’
1470 2103 1714 2180 αὐτούς
1760 2103 1940 2169 ἐστιν
1985 2104 2021 2170 6
2067 2106 2335 2191 χριστὸς

306 2221 466 2287 νοῦς
513 2212 610 2277 ὢν
655 2211 727 2288 ὅς
774 2211 955 2276 ἐστιν
1000 2212 1080 2276 τὰ
1124 2212 1362 2294 πάντα,
1406 2208 1515 2275 καὶ
1561 2209 1602 2293 ἡ
1648 2210 1774 2293 ὕλη
1822 2210 1897 2275 ἓν
1941 2221 2075 2275 τῶν
2116 2212 2332 2276 ὄντων

307 2315 417 2381 καὶ
464 2316 652 2401 αὐτή,
698 2316 1013 2400 ἀγένητος
1059 2311 1243 2381 οὖσα.
2358 2340 2410 2380 20

440 2426 563 2500 Εἰς
610 2422 953 2508 ἐπίδειγμα
999 2419 1073 2487 δὲ
1108 2432 1351 2488 τοῦτον
1386 2423 1506 2486 τὸν
1540 2424 1791 2507 τρόπον
1826 2420 1935 2487 καὶ
1973 2422 2095 2505 τὴν
2130 2425 2331 2488 θείαν

307 2531 598 2614 δύναμιν
655 2528 1191 2614 ἐνεσταυρῶσθαι
1243 2537 1322 2613 τῇ
1377 2526 1534 2613 ὕλη,
1587 2525 1698 2592 καὶ
1754 2527 1959 2592 αὐτὸν
2008 2527 2330 2612 ὑπομεμε-

307 2635 577 2721 νηκέναι
622 2637 696 2700 τὸ
741 2636 1019 2719 πάθημα
1071 2643 1267 2699 τοῦτο
1324 2633 1664 2716 λέγουσιν·
1720 2634 1939 2719 ὥσπερ
1994 2633 2329 2700 ἀδυνάτου

452 2835 484 2883 3
506 2847 626 2897 sqq.
667 2831 727 2882 eb
762 2832 935 2895 5eqq.
976 2826 1044 2881 cf.
1085 2842 1230 2894 quae
1270 2825 1532 2907 adferunj:
1565 2825 1857 2880 Iamblich.
1903 2845 1962 2882 π.
1999 2834 2185 2907 ψυχῆς
2235 2843 2324 2896 ap.

315 2900 468 2956 Stob.
511 2899 611 2955 ecl.
650 2900 676 2952 Ι
713 2902 800 2968 48,
831 2902 863 2951 8
900 2916 954 2967 p.
985 2902 1089 2952 317
1110 2915 1191 2965 sq.
1231 2896 1319 2952 W.
1351 2899 1409 2952 et
1435 2896 1809 2951 Nlcomaehus
1848 2896 2037 2952 Geras,
2075 2914 2135 2951 m
2170 2897 2329 2952 theo-

310 2972 519 3041 logum.
561 2969 726 3025 arith.
763 2987 818 3038 p.
847 2975 915 3023 49
959 2970 1059 3023 Ast·

452 3153 516 3201 12
558 3147 612 3220 [6
650 3146 805 3218 νοῦς]
844 3144 1029 3200 delevi
1210 3144 1357 3199 ἔστιν
1393 3164 1455 3214 γε
1494 3146 1578 3200 M:
1616 3160 1753 3198 corr.
1792 3144 2019 3213 Usener,
2058 3143 2158 3212 qui
2195 3144 2328 3199 scri-

305 3219 555 3273 bendum
611 3225 802 3272 censet
855 3214 981 3271 κατ’
1025 3216 1228 3278 αὐτοὺς
1284 3214 1463 3288 [ἔσται
1518 3215 1548 3269 ὁ
1586 3214 1741 3286 νοῦς]
1794 3214 1941 3270 ἔστιν
1985 3234 2045 3269 τε
2083 3215 2182 3269 καὶ
2226 3218 2327 3270 οὐκ

309 3289 456 3344 ἔστιν
638 3294 705 3343 14
740 3290 778 3343 f.
819 3287 963 3341 κατὰ
999 3287 1102 3355 τὴν
1139 3291 1291 3340 καλλ.
1331 3289 1429 3340 aut
1464 3284 1591 3340 κατ’
1635 3285 1810 3354 αὐτὴν
1847 3286 1949 3354 τὴν
1995 3306 2043 3341 κ.
2093 3288 2327 3354 αἵρεσιν,

304 3359 626 3416 Platonicos
663 3359 849 3413 dicere
886 3358 1109 3413 videtur
1280 3363 1347 3412 18
1386 3354 1534 3412 εἶναί
1568 3375 1630 3425 γε
1667 3356 1749 3409 M:
1790 3354 1935 3429 <εἰ>
1974 3355 2101 3411 add.
2143 3356 2183 3410 C

308 3438 372 3486 21
430 3430 550 3486 noli
604 3429 844 3485 seribere
900 3428 1086 3502 <τοῦ>
1139 3437 1337 3483 τοῦτον
1393 3422 1529 3494 mg„
1586 3427 1653 3480 ef.
1694 3431 1751 3495 5,
1783 3431 1851 3479 16
1907 3428 1965 3480 et
2022 3432 2068 3494 7,
2101 3432 2167 3480 17

312 3508 378 3557 23
418 3502 600 3573 ὥσπερ
649 3496 787 3558 ma:
847 3498 1035 3569 ‘quasi
1088 3515 1219 3554 vero
1266 3515 1378 3553 non
1422 3497 1573 3551 idem
1616 3496 1797 3565 possit
1842 3496 2120 3566 Christus,
2176 3496 2327 3565 quod.

1934 3585 2005 3637 3*
