2484 3800
197 113 330 169 XVI
1012 112 1417 167 PRAEFATIO

198 277 399 341 robur
433 275 934 361 Platonicorum,
985 274 1422 343 Christianam-
1458 273 1651 341 fidem
1698 277 1980 338 evertere
2026 275 2231 340 conisi

199 386 366 447 sunt.
461 381 671 466 Opera
736 382 999 448 illorum
1065 380 1395 466 deperdita
1457 384 1634 446 sunt:
1700 381 1963 447 ecelesia
2027 382 2229 445 atroci

199 488 371 557 bello
408 488 682 563 tandem:
704 488 957 555 victrix.-
975 487 1256 555 hostilia.
1277 487 1605 573 confregit
1633 510 1825 554 arma.
1874 486 2232 573 Quiligitura

199 596 442 663 factum
490 599 603 680 est,
648 599 729 659 ut
768 595 896 659 hie·
921 595 1189 667 libellus.
1226 595 1630 661 servaretur?

333 701 411 769 In
455 700 763 767 Medioeo=
802 702 1018 770 codice
1074 722 1404 785 superesse
1448 700 1739 766 vidimus.
1771 700 2050 783 Didymi,
2081 698 2229 766 Aie-

198 808 555 891 xandrique
601 811 831 873 contra
859 807 1274 873 Manichaeos
1308 807 1790 892 disputationes.
1811 811 1875 872 et
1911 806 2230 872 Methodii

200 914 277 979 de
313 913 518 979 libero
558 914 843 981 hominis
878 914 1147 989 arbitrio
1186 914 1446 1000 dialogi,
1464 915 1914 1001 fragmentum.
1978 913 2228 978 Metho—

200 1020 342 1085 dius
356 1018 407 1108 ²)
462 1041 642 1106 vem,
697 1022 817 1086 etsi
873 1043 1003 1086 non
1060 1043 1205 1085 eum
1264 1021 1676 1086 Manichaeis„
1713 1021 1790 1085 eit
1825 1042 1931 1085 res
1973 1024 2094 1105 est,
2150 1020 2230 1084 de

198 1126 279 1190 iis
325 1126 481 1210 ipsis
527 1130 743 1193 tamen
789 1127 1001 1191 rebus,
1032 1131 1097 1192 et
1156 1128 1418 1212 eopiose
1468 1131 1546 1201 etz
1587 1127 1912 1213 eleganter
1956 1127 2232 1211 disserit,

199 1233 276 1297 de
332 1233 569 1317 quibus
634 1234 1048 1320 gravissimae
1112 1235 1312 1299 fuere·
1354 1234 1733 1315 hominibus
1786 1233 2232 1298 eeclesiastiois

199 1361 346 1403 cum
410 1340 543 1415 illis
605 1339 1044 1406 dissensiones.
1094 1346 1185 1409 et.
1223 1343 1694 1407 contentiones:
1754 1341 1831 1405 de
1893 1340 2231 1425 principiis

198 1467 413 1511 rerum
460 1446 670 1512 duone
715 1447 853 1517 sint
888 1470 969 1512 an
1011 1471 1229 1533 unum,
1276 1448 1372 1514 de.
1390 1448 1640 1512 ratione
1677 1470 1838 1532 quae
1876 1447 2231 1511 intercedat

199 1552 388 1617 deum
443 1553 613 1618 inter
667 1557 741 1617 et.
786 1555 1148 1640 materiam,
1212 1554 1291 1619 de
1351 1555 1522 1619 malo
1580 1554 1735 1639 quid
1789 1555 1877 1618 sit
1931 1557 2002 1618 et·
2057 1554 2230 1618 unde

200 1663 434 1744 ortum,
480 1663 544 1724 et
592 1682 754 1743 quae
801 1664 952 1726 sunt
1000 1661 1282 1726 eiusdem
1330 1661 1600 1747 generis,
1661 1661 1812 1726 Non
1860 1682 2011 1746 ergo
2059 1661 2229 1725 forte

198 1765 461 1831 fortuna
503 1766 676 1830 hune
721 1766 979 1832 librum·
1008 1768 1149 1832 illis.
1185 1768 1678 1853 adglutinatum‚
1725 1766 1834 1831 sed
1870 1768 2139 1832 ratione
2162 1772 2231 1832 et

199 1873 467 1938 oonsilio
514 1896 660 1939 eum
679 1870 687 1878 ’
707 1875 798 1940 eis
844 1876 1279 1940 consociatum
1326 1897 1460 1940 esse
1506 1874 1737 1940 merito
1784 1874 2227 1941 iudicabimus,

201 1979 370 2057 Quid
430 1981 664 2065 plura?
735 1983 934 2050 Manu
998 1987 1288 2050 tenemus
1351 1982 1670 2056 librorum
1733 1986 1807 2048 ut
1871 1983 1966 2047 ita
2018 1982 2242 2048 dieam-

200 2088 858 2154 antimaniohaeorum
904 2091 1239 2177 syllogam,
1287 2090 1585 2175 exiguam
1633 2110 1772 2152 eam
1820 2089 2077 2173 quidem
2113 2088 2229 2153 ho-

199 2195 327 2281 die,
382 2195 492 2260 sed
546 2196 876 2279 amplioris
932 2197 1087 2262 olim
1142 2197 1279 2261 sine
1337 2195 1533 2259 dubio
1587 2196 1872 2279 eorporis
1928 2196 2227 2260 frustum.

329 2300 695 2366 Praefixum
751 2307 848 2367 est
903 2325 1157 2378 carmen
1212 2305 1307 2379 εἰς
1362 2303 1481 2367 τὸν
1526 2305 1880 2368 Βασίλειον
1930 2301 2229 2386 βασιλέα,

201 2407 381 2472 euius
426 2408 496 2472 hi
543 2410 780 2473 servati
826 2413 990 2483 sunt¹
1021 2431 1269 2474 versus:
1292 2406 1344 2495 2)

428 2535 1866 2551 ·················

200 2602 264 2651 61
418 2587 933 2674 ὑπεκπροχεύων
977 2586 1174 2653 παντὶ
1222 2588 1520 2671 σώματος
1564 2583 1747 2671 μέρει

420 2692 548 2758 ἀπὸ
594 2695 833 2780 κρατὸς
876 2693 985 2762 καὶ
1032 2693 1221 2779 μέχρι
1268 2703 1536 2780 ταρσῶν,
1577 2691 1900 2774 &fil-orme„

419 2797 530 2868 καὶ
576 2811 894 2885 μαρτυρεῖ
940 2796 1014 2864 δὲ.
1058 2808 1303 2865 τοῦτον,
1347 2798 1404 2864 ὁ.
1429 2799 1713 2884 Χριστὸς
1758 2796 1996 2879 λέγων·

198 2953 346 3009 cium
390 2956 710 3010 consentiat
755 2973 882 3010 oum
927 2956 1087 3012 Celso
1135 2959 1194 3011 et
1239 2954 1576 3025 Porphyrio,
1614 2972 1748 3018 non,
1770 2953 1953 3027 fugiet
1996 2953 2228 3012 intelle—

196 3046 410 3112 gentes.

341 3134 395 3202 1)
429 3132 719 3202 Integrum
762 3133 892 3203 περὶ
941 3130 1302 3200 αὐτεξουσίου
1351 3132 1640 3204 dialogum
1685 3131 2057 3202 interpretum
2102 3131 2228 3186 Sla-

197 3220 523 3275 vonicorum
576 3220 857 3277 industria
912 3224 1196 3277 servatum
1252 3238 1366 3275 una
1421 3238 1549 3275 eum
1610 3221 1944 3292 fragmentis
2001 3220 2221 3291 graecis

199 3308 378 3363 edidit
412 3309 746 3364 Bonwetsoh
782 3311 1097 3367 Methodius
1131 3328 1240 3368 von
1281 3310 1544 3382 Olympus
1579 3309 1807 3380 Erlang.
1847 3315 2001 3366 1892.

342 3399 398 3467 2)
432 3397 800 3453 Describendi
853 3399 1107 3454 laborem
1162 3399 1434 3454 Henricus
1490 3399 1780 3470 Rostagno
1837 3403 1896 3455 et
1947 3399 2223 3467 Georgius

201 3480 351 3537 Kato
386 3483 535 3539 inter
571 3502 630 3541 se
667 3487 868 3556 partiti
906 3493 1052 3545 sunt.
