2484 3800
213 119 253 183 6
680 118 1172 181 ΑΛΕΞΑΝΔΡΟΤ
1206 118 1757 173 ΑΤΚΟΠΟΛΙΤΟΤ

200 289 370 348 θεοῦ
413 289 731 368 μεμῖχθαι
777 284 901 367 τὴν
948 284 1172 369 ψυχὴν
1206 292 1285 369 τῇ
1322 282 1471 368 ὕλῃ,
1509 281 1830 368 ἀνόμοιόν
1864 307 1926 347 τι
1963 293 2235 369 πρᾶγμα

201 387 512 478 ἀνομοίῳ.
579 389 653 456 ἐν
691 386 764 455 δὲ
801 400 879 476 τῇ
916 389 1086 474 μίξει
1126 395 1509 474 συμπαθεῖν
1544 398 1622 475 τῇ
1658 388 1786 474 ὕλῃ
1826 389 1948 472 τὴν
1982 392 2231 474 ψυχήν·

200 497 418 582 ὥσπερ
464 498 592 583 γὰρ
641 496 714 562 ἐν
762 496 995 585 φαύλῳ
1057 496 1300 584 ἀγγείῳ
1358 496 2017 580 συμμεταβάλλεσθαι
2070 500 2231 561 πολ-

200 603 386 679 λάκις
431 604 505 668 τὸ
555 603 960 689 ἐνυπάρχον,
1008 603 1181 669 οὕτω
1240 600 1314 668 δὲ
1369 600 1479 668 καὶ
1536 601 1609 668 ἐν
1666 612 1744 689 τῇ
1791 601 1918 687 ὕλῃ
1965 605 2230 667 τοιοῦτό

146 728 172 768 5
201 732 263 773 τι
310 710 432 793 τὴν
475 711 699 796 ψυχὴν
741 716 1100 776 παθοῦσαν
1152 712 1332 796 παρὰ
1377 710 1500 793 τὴν
1546 704 1756 775 οὖσαν
1807 709 2230 791 ἠλαττῶσθαι

199 815 411 899 φύσιν
455 818 550 893 εἰς
594 819 956 902 μετουσίαν
1000 820 1248 893 κακίας.
1332 818 1648 901 οἰκτεῖραι
1697 809 1821 880 οὖν
1865 823 2061 880 τοῦτο
2108 815 2230 880 τὸν

197 922 368 986 θεὸν
412 920 522 987 καὶ
558 921 807 1008 πέμψαι
844 925 996 989 τινα
1034 921 1266 1009 ἑτέραν
1302 923 1612 1007 δύναμιν,
1647 921 1734 1004 ἣν
1768 921 1953 1005 ἡμεῖς
1989 927 2228 987 καλοῦ-

27 1040 179 1110 p.5c
197 1051 320 1113 μεν
366 1029 803 1115 δημιουργόν·
849 1024 927 1113 ἧς
973 1030 1055 1113 δὴ
1103 1027 1508 1117 ἀφικομένης
1553 1026 1663 1094 καὶ
1709 1038 1786 1114 τῇ
1833 1032 2230 1115 κοσμοποιίᾳ
2277 1040 2282 1044 ’

201 1133 762 1221 ἐπικεχειρηκυίας
808 1135 1290 1222 ἀποκεκρίσθαι
1335 1144 1450 1219 τῆς
1494 1135 1658 1218 ὕλης
1705 1134 1917 1200 ἐκεῖνο
1955 1144 2069 1218 τῆς
2110 1137 2226 1200 δυ-

117 1262 168 1302 10
196 1242 472 1325 νάμεως,
520 1243 680 1308 ὅσον
725 1242 852 1308 ἀπὸ
891 1251 1005 1326 τῆς
1042 1242 1277 1328 μίξεως
1323 1239 1525 1308 οὐδὲν
1560 1238 1645 1325 ἦν
1690 1243 1939 1307 ἄτοπον
1982 1263 2226 1307 πεπον-

194 1351 349 1432 θός,
396 1346 506 1413 καὶ
553 1348 899 1431 γεγονέναι
947 1349 1141 1432 ἥλιον
1184 1348 1296 1414 καὶ
1344 1351 1629 1432 σελήνην
1672 1359 1968 1434 πρῶτον,
2014 1350 2088 1413 τὸ
2151 1346 2225 1414 δὲ

196 1453 271 1519 ἐν
331 1458 565 1541 μετρίᾳ
630 1457 905 1538 γεγονὸς
968 1459 1165 1541 κακίᾳ
1229 1453 1505 1540 ἀστέρας
1567 1452 1678 1520 καὶ
1749 1455 1868 1520 τὸν
1931 1455 2226 1540 οὐρανὸν

195 1561 559 1644 σύμπαντα.
649 1570 763 1646 τῆς
819 1557 945 1628 οὖν
999 1562 1162 1645 ὕλης
1216 1557 1296 1645 ἧς
1353 1561 1813 1647 ἀπεκρίθησαν
1865 1562 2050 1644 ἥλιος
2112 1561 2222 1627 καὶ

195 1669 436 1751 σελήνη
481 1669 556 1733 τὸ
602 1666 801 1754 μέρος
857 1668 1041 1745 ἐκτὸς
1093 1677 1213 1733 τοῦ
1268 1671 1522 1753 κόσμου
1569 1667 2056 1752 ἀπεληλάσθαι,
2110 1667 2222 1734 καὶ

116 1794 166 1833 15
195 1767 365 1837 εἶναι
405 1773 616 1840 έκεῖνο
653 1784 810 1860 πῦρ,
848 1776 1206 1840 καυστικὸν
1241 1772 1366 1859 μὲν
1407 1776 1730 1851 σκοτῶδες
1766 1772 1840 1840 δὲ
1875 1773 1985 1840 καὶ
2022 1775 2223 1859 ἀφεγ-

193 1878 324 1964 γές,
380 1880 569 1947 νυκτὶ
629 1885 1055 1969 προσόμοιον.
1149 1881 1222 1947 έν
1268 1878 1343 1948 δὲ
1401 1892 1539 1959 τοῖς
1594 1883 1821 1959 ἄλλοις
1875 1886 2223 1968 στοιχείοις

191 1986 302 2051 καὶ
349 1999 587 2071 φυτοῖς
630 1987 741 2054 καὶ
788 1987 976 2077 ζῴοις
1020 1998 1160 2065 τοῖς
1208 1988 1282 2054 ἐν
1326 1990 1588 2065 τούτοις
1624 1988 1984 2074 ἀνωμάλως
2030 1989 2223 2076 φέρε-

194 2101 356 2158 σθαι
402 2094 525 2177 τὴν
569 2099 769 2161 θείαν
814 2096 1104 2180 δύναμιν
1150 2094 1573 2180 μεμιγμένην.
1665 2096 1771 2161 διὸ
1819 2096 1900 2179 δὴ
1947 2094 2057 2161 καὶ
2102 2099 2223 2163 τὸν

193 2202 444 2283 κόσμον
489 2199 835 2283 γεγονέναι
880 2199 990 2267 καὶ
1038 2201 1111 2267 ἐν
1157 2202 1336 2290 αὐτῷ
1383 2203 1576 2285 ἥλιον
1610 2200 1720 2267 καὶ
1758 2205 2043 2287 σελήνην
2078 2215 2224 2281 ταῖς

115 2327 165 2367 20
193 2305 530 2388 γενέσεσιν
574 2305 685 2372 καὶ
730 2318 873 2384 ταῖς
909 2315 1203 2394 φθοραῖς
1240 2306 1343 2373 ἀεὶ
1380 2309 1503 2392 τὴν
1540 2310 1830 2393 δύναμιν
1864 2309 1987 2392 τὴν
2022 2314 2223 2376 θείαν

192 2423 307 2496 τῆς
368 2413 532 2496 ὕλης
596 2413 1124 2499 ἀποχωρίζοντας
1188 2414 1299 2480 καὶ
1362 2416 1529 2501 πρὸς
1592 2417 1711 2480 τὸν
1773 2416 1941 2481 θεὸν
2012 2437 2222 2501 παρα-

191 2517 582 2603 πέμποντας.
673 2517 770 2584 IV
837 2518 943 2585 ἐπὶ
1007 2522 1133 2606 γάρ
1197 2546 1301 2586 τοι
1367 2529 1458 2608 τῷ
1531 2522 1917 2609 δημιουργῷ
1990 2520 2223 2608 ἑτέραν

192 2625 482 2710 δύναμιν
510 2623 616 2691 ἐπὶ
644 2627 718 2691 τὸ
748 2623 1105 2714 φωτοειδὲς
1141 2637 1263 2692 τοῦ
1290 2627 1487 2710 ἡλίου
1524 2634 1986 2694 κατελθοῦσαν
2013 2639 2221 2695 ταῦτα

21 2741 178 2793 ‚180v
196 2730 979 2820 ὃιαπραγμαῙτεύσασθαι,
1029 2731 1139 2798 καὶ
1178 2729 1349 2799 εἶναι
1386 2732 1496 2798 καὶ
1527 2731 1813 2819 ἐμφανὲς
1839 2736 1913 2799 τὸ
1950 2744 2221 2820 πρᾶγμα

117 2858 168 2898 25
196 2842 326 2921 καί,
373 2839 462 2914 ὥς
507 2840 592 2904 ἄν
636 2864 737 2916 τις
784 2846 979 2924 εἴποι,
1026 2846 1259 2929 τυφλῷ
1301 2842 1525 2924 δῆλον.
1618 2840 1692 2906 ἐν
1737 2837 1861 2926 μὲν
1904 2844 2030 2926 γὰρ
2075 2853 2221 2919 ταῖς

195 2944 548 3028 αὐξήσεσιν
592 2946 715 3029 τὴν
760 2949 1046 3030 σελήνην
1082 2947 1447 3032 λαμβάνειν
1483 2948 1605 3031 τὴν
1641 2947 2221 3033 ἀποχωριζομένην

196 3052 485 3137 δύναμιν
530 3051 658 3117 ἀπὸ
704 3061 819 3135 τῆς
863 3052 1027 3136 ὕλης
1071 3051 1181 3117 καὶ
1217 3055 1434 3138 πλήρη
1474 3058 1781 3135 γίνεσθαι
1818 3054 2060 3137 ταύτης
2099 3057 2220 3120 τὸν

340 3286 367 3333 1
407 3277 681 3350 μεμίχθαι
715 3280 775 3333 Μ
919 3284 951 3333 3
991 3282 1499 3353 συμμεταβάλλεται
1536 3279 1576 3335 O
1689 3287 1756 3336 10
1802 3281 1842 3335 f.
1879 3283 1990 3337 ὑπὸ
2028 3290 2124 3352 τῆς
2161 3303 2215 3353 μ.

197 3349 266 3403 ef.
299 3355 347 3417 7,
377 3355 460 3406 25.
503 3356 586 3418 19,
616 3355 648 3403 9
764 3356 829 3405 13
869 3351 1252 3421 expectaveris
1288 3359 1386 3420 τῆς
1422 3348 1524 3406 οὖν
1561 3351 1694 3422 ὕλης
1731 3347 1915 3407 έκεῖνο
1951 3354 2013 3409 τὸ
2052 3352 2219 3424 μέρος

199 3414 264 3472 οὗ
302 3421 698 3489 ἀπεκρύθησαν
733 3416 844 3476 κτὲ.
963 3428 1029 3475 22
1069 3421 1192 3477 ἐπεὶ
1229 3425 1290 3477 et
1324 3428 1392 3478 23
1431 3422 1824 3479 καθέλκουσαν
1861 3424 1946 3480 M:
1986 3424 2219 3495 correxi,

199 3487 267 3541 cf.
306 3491 413 3543 act.
453 3489 715 3543 Archelai
748 3509 805 3559 p.
835 3497 903 3546 68
924 3510 1003 3560 sq.
1043 3493 1260 3548 Routffl
1431 3500 1498 3549 27
1535 3494 1747 3567 πλήρης
1782 3495 1867 3552 M:
1906 3513 2043 3552 corr.
2080 3495 2122 3551 C
