2484 3800
1046 117 1448 168 PRAEFATIO
2137 113 2265 168 XIX

463 274 688 341 ἐθνῶν
730 275 1048 343 ὑπούλων
1091 279 1249 354 τοὺς
1294 276 1611 361 ἄκαμπεῖς
1656 276 1938 363 αὐχένας
2266 285 2421 342 ίὶ169

462 386 684 466 σοβῶν
729 381 817 448 δι’
854 382 1063 449 αὐτοῦ
1106 382 1219 448 καὶ
1263 390 1611 470 καθαιρῶν
1658 386 1752 461 εἰς
1796 383 2015 469 τέλος,

458 489 724 554 ἵππειον
771 488 1022 576 ἐχθροῦ
1067 492 1354 575 Χριστὸς
1398 492 1616 576 ὥσπερ
1664 494 1738 556 τὸ
1784 491 2041 578 θράσος

457 597 655 683 πώλῳ
701 596 1056 662 πατάσσων
1100 596 1535 686 εὐτελεστάτῳ
1580 597 1779 680 γένει.

238 717 341 766 125
457 711 535 787 τῇ
580 704 899 788 πρᾳότητι
942 704 1436 780 πλουσιώτατος
1478 702 1662 769 πέλει

454 810 843 894 πρόσταγμα
885 815 1158 896 πληρῶν
1203 809 1494 875 ἐντολῶν
1537 814 1913 896 θεηγόρων·

457 913 775 981 ἐντεῦθεν
820 913 998 1003 αὐτῷ
1041 917 1430 1002 κληροδοτεῖ
1474 923 1595 998 γῆς
1639 918 1796 993 τοὺς
1842 917 2043 1004 ὅρους

455 1020 495 1104 ἡ
542 1023 971 1087 παντάνασσα
1014 1031 1135 1087 τοῦ
1180 1029 1349 1088 θεοῦ
1395 1025 1841 1109 θεσμουργία,

452 1129 572 1193 τὸν
616 1128 1034 1213 μακαρισμὸν
1078 1139 1213 1193 τῶν
1258 1128 1568 1193 ἀνωτάτω
1616 1140 1833 1215 γερῶν

236 1252 335 1300 130
451 1235 664 1323 τούτῳ
709 1233 1000 1319 νέμουσα
1042 1234 1152 1299 καὶ
1197 1238 1561 1321 πορίζουσα
1604 1234 1810 1312 κλέος.

454 1343 873 1427 εἰρηνοποιός
919 1339 1101 1406 ἐστιν
1145 1341 1233 1417 ὡς
1280 1341 1316 1407 ὁ
1366 1343 1686 1425 δεσπότης

451 1450 765 1534 Χριστός,
811 1448 886 1512 τὸ
934 1448 1177 1513 σεπτὸν
1220 1456 1337 1531 τῆς
1381 1452 1700 1533 θεαρχίας
1746 1447 1970 1532 σέλας,

437 1557 666 1641 πόρρω
714 1555 976 1619 διώκων
1021 1556 1135 1630 τὰς
1179 1561 1569 1638 θεοστυγεῖς
1620 1556 1829 1639 μάχας

450 1660 539 1736 ὡς
582 1672 960 1726 κακοποιῶν
1003 1666 1397 1745 προσφιλεῖς
1442 1660 1799 1745 ἀλαζόνων,

231 1783 328 1832 135
448 1776 653 1832 πᾶσιν
699 1763 773 1832 δὲ
817 1772 1110 1832 πλοῦτον
1154 1775 1270 1850 τῆς
1312 1769 1603 1852 γαλήνης
1647 1764 2041 1855 προσνέμων

445 1882 562 1957 τῆς
605 1879 968 1941 καλοποιοῦ
1013 1871 1123 1940 καὶ
1168 1876 1754 1962 πανημερωτάτης·

445 1981 592 2057 υἱὸς
638 1979 725 2046 δι’
772 1981 972 2064 αὐτῆς
1017 1985 1448 2067 χρηματίζων,
1494 1982 1583 2058 ὡς
1626 1979 1850 2066 θέμις,

443 2097 565 2153 τοῦ
609 2089 1062 2163 παντάνακτος
1105 2085 1217 2152 καὶ
1262 2095 1432 2153 θεοῦ
1477 2086 1588 2154 καὶ
1640 2089 1982 2153 δεσπότου.

443 2200 671 2260 οἴκτου
715 2197 793 2260 τὰ
841 2194 1082 2280 ῥεῖθρα
1127 2195 1424 2273 δαψιλῶς
1468 2194 1790 2281 ἀναβρύει

226 2316 326 2367 140
443 2298 664 2385 νέμων
709 2302 956 2366 ἅπασιν
999 2303 1335 2377 πλουσίως
1379 2300 1697 2384 ὑπηκόοις

438 2403 608 2492 ὑπὲρ
654 2407 729 2471 τὸ
775 2411 1035 2489 πλῆθος
1079 2405 1280 2470 ὑετοῦ
1328 2407 1822 2490 σταλαγμάτων,

444 2512 738 2589 ἀεννάως
782 2513 1003 2596 βλύζει
1050 2535 1119 2576 τε
1165 2513 1282 2587 τὰς
1328 2510 1625 2587 εὐποιίας

440 2619 655 2704 ὁρμὴν
699 2620 870 2703 ἔχων
916 2620 1254 2701 ἄπληστον
1299 2619 1393 2694 εἰς
1439 2616 1817 2703 εὐπραξίαν,

443 2727 532 2810 μή
577 2746 678 2790 πω
724 2727 1046 2812 κορεννὺς
1091 2725 1214 2807 τὴν
1261 2721 1500 2789 ἑαυτοῦ
1545 2724 1829 2809 καρδίαν

219 2847 318 2897 145
437 2834 533 2909 εἰς
576 2834 693 2909 τὰς
736 2833 1124 2919 προχεύσεις
1168 2828 1280 2897 καὶ
1327 2832 1547 2906 δόσεις
1592 2825 2039 2918 τοῦῖχρυσίου

435 2936 546 3004 καὶ
592 2940 715 3022 τὴν
757 2941 1058 3023 πενήτων
1104 2939 1391 3003 ἄπλετον
1434 2941 1776 3022 χορηγίαν.

442 3046 532 3122 ὡς
577 3046 739 3110 ἄλλο
785 3041 994 3129 μηδὲν
1039 3051 1221 3130 εἴπερ
1268 3039 1354 3127 ἧν
1397 3043 1788 3128 κεκτημένος

437 3152 653 3235 σοφὸν
696 3158 867 3216 θεοῦ
911 3154 1331 3237 πρόσταγμα,
1377 3159 1573 3215 τοῦτο
1619 3148 1729 3215 καὶ
1775 3152 1985 3234 μόνον

358 3400 459 3449 128
495 3396 886 3451 Deuteronom.
927 3400 995 3450 28

252 3537 257 3542 .
359 3489 459 3538 143
499 3483 677 3555 ὁρμὴν
704 3484 763 3538 Μ
1836 3565 1915 3618 b*

18 3719 515 3759 μ-ῂ-ῌ-ῌ-Ὴμ
528 3755 537 3758 ,
548 3757 579 3760 --
