<?xml version="1.0" encoding="UTF-8"?>
<!DOCTYPE html PUBLIC "-//W3C//DTD XHTML 1.0 Transitional//EN"
    "http://www.w3.org/TR/xhtml1/DTD/xhtml1-transitional.dtd">
<html xmlns="http://www.w3.org/1999/xhtml" xml:lang="en" lang="en">
 <head>
  <title>
</title>
<meta http-equiv="Content-Type" content="text/html;charset=utf-8" />
  <meta name='ocr-system' content='tesseract 3.04.00' />
  <meta name='ocr-capabilities' content='ocr_page ocr_carea ocr_par ocr_line ocrx_word'/>
</head>
<body>
  <div class='ocr_page' id='page_1' title='image "./contramanichaei00bringoog_0037.png"; bbox 0 0 2484 3800; ppageno 0'>
   <div class='ocr_carea' id='block_1_1' title="bbox 1082 153 2302 208">
    <p class='ocr_par' dir='ltr' id='par_1_1' title="bbox 1082 153 2302 208">
     <span class='ocr_line' id='line_1_1' title="bbox 1082 153 2302 208; baseline 0 -1"><span class='ocrx_word' id='word_1_1' title='bbox 1082 157 1485 208; x_wconf 84' lang='lat' dir='ltr'>PRAEFATIO</span> <span class='ocrx_word' id='word_1_2' title='bbox 2120 153 2302 208; x_wconf 86' lang='lat' dir='ltr'>XXIX</span> 
     </span>
    </p>
   </div>
   <div class='ocr_carea' id='block_1_2' title="bbox 268 314 2303 2321">
    <p class='ocr_par' dir='ltr' id='par_1_2' title="bbox 272 314 2303 1128">
     <span class='ocr_line' id='line_1_2' title="bbox 275 314 2303 404; baseline 0 -23"><span class='ocrx_word' id='word_1_3' title='bbox 275 341 434 400; x_wconf 81' lang='grc' dir='ltr'><strong><em>χους</em></strong></span> <span class='ocrx_word' id='word_1_4' title='bbox 481 317 567 393; x_wconf 81' lang='grc' dir='ltr'>ὡς</span> <span class='ocrx_word' id='word_1_5' title='bbox 614 318 902 404; x_wconf 75' lang='grc' dir='ltr'><em>διστόμῳ</em></span> <span class='ocrx_word' id='word_1_6' title='bbox 959 325 1052 404; x_wconf 76' lang='grc' dir='ltr'>τῷ</span> <span class='ocrx_word' id='word_1_7' title='bbox 1106 326 1220 400; x_wconf 80' lang='grc' dir='ltr'>τῆς</span> <span class='ocrx_word' id='word_1_8' title='bbox 1276 316 1593 401; x_wconf 77' lang='grc' dir='ltr'><em>ἀληθείας</em></span> <span class='ocrx_word' id='word_1_9' title='bbox 1649 319 1823 400; x_wconf 78' lang='grc' dir='ltr'><strong><em>λόγῳ</em></strong></span> <span class='ocrx_word' id='word_1_10' title='bbox 1880 314 2303 404; x_wconf 58' lang='lat' dir='ltr'>6c2d6205v1)‚</span> 
     </span>
     <span class='ocr_line' id='line_1_3' title="bbox 275 422 2303 508; baseline 0.001 -22"><span class='ocrx_word' id='word_1_11' title='bbox 275 424 367 486; x_wconf 91' lang='lat' dir='ltr'>ita</span> <span class='ocrx_word' id='word_1_12' title='bbox 431 445 575 487; x_wconf 93' lang='lat' dir='ltr'>eum</span> <span class='ocrx_word' id='word_1_13' title='bbox 639 422 1048 488; x_wconf 84' lang='lat' dir='ltr'>Manichaeos</span> <span class='ocrx_word' id='word_1_14' title='bbox 1109 445 1364 508; x_wconf 90' lang='lat' dir='ltr'>quoque</span> <span class='ocrx_word' id='word_1_15' title='bbox 1428 424 1562 487; x_wconf 86' lang='lat' dir='ltr'>sive</span> <span class='ocrx_word' id='word_1_16' title='bbox 1614 423 2020 487; x_wconf 87' lang='lat' dir='ltr'>Paulicianos</span> <span class='ocrx_word' id='word_1_17' title='bbox 2083 428 2157 488; x_wconf 92' lang='lat' dir='ltr'>ut</span> <span class='ocrx_word' id='word_1_18' title='bbox 2222 424 2303 487; x_wconf 88' lang='lat' dir='ltr'>ad</span> 
     </span>
     <span class='ocr_line' id='line_1_4' title="bbox 275 530 2299 615; baseline 0.001 -23"><span class='ocrx_word' id='word_1_19' title='bbox 275 530 574 593; x_wconf 89' lang='lat' dir='ltr'>ecclesiae</span> <span class='ocrx_word' id='word_1_20' title='bbox 628 531 946 615; x_wconf 85' lang='lat' dir='ltr'>gremium</span> <span class='ocrx_word' id='word_1_21' title='bbox 999 531 1333 594; x_wconf 72' lang='lat' dir='ltr'>reduceret</span> <span class='ocrx_word' id='word_1_22' title='bbox 1386 531 1691 594; x_wconf 77' lang='lat' dir='ltr'>acerrime</span> <span class='ocrx_word' id='word_1_23' title='bbox 1748 552 2007 614; x_wconf 83' lang='lat' dir='ltr'>operam</span> <span class='ocrx_word' id='word_1_24' title='bbox 2054 531 2299 595; x_wconf 78' lang='lat' dir='ltr'>dedisse</span> 
     </span>
     <span class='ocr_line' id='line_1_5' title="bbox 276 634 2301 724; baseline 0 -25"><span class='ocrx_word' id='word_1_25' title='bbox 276 639 772 700; x_wconf 84' lang='lat' dir='ltr'>consentaneum</span> <span class='ocrx_word' id='word_1_26' title='bbox 846 641 957 701; x_wconf 89' lang='lat' dir='ltr'>est.</span> <span class='ocrx_word' id='word_1_27' title='bbox 972 634 1024 724; x_wconf 78' lang='lat'>²)</span> <span class='ocrx_word' id='word_1_28' title='bbox 1118 635 1352 701; x_wconf 84' lang='lat' dir='ltr'>Nonne</span> <span class='ocrx_word' id='word_1_29' title='bbox 1425 637 1629 722; x_wconf 84' lang='lat' dir='ltr'>igitur</span> <span class='ocrx_word' id='word_1_30' title='bbox 1700 637 2138 723; x_wconf 83' lang='lat' dir='ltr'>gratissimum</span> <span class='ocrx_word' id='word_1_31' title='bbox 2202 637 2301 700; x_wconf 83' lang='lat' dir='ltr'>illi</span> 
     </span>
     <span class='ocr_line' id='line_1_6' title="bbox 273 742 2300 827; baseline 0.001 -23"><span class='ocrx_word' id='word_1_32' title='bbox 273 742 595 806; x_wconf 86' lang='lat' dir='ltr'>facturum</span> <span class='ocrx_word' id='word_1_33' title='bbox 641 743 838 807; x_wconf 88' lang='lat' dir='ltr'>fuisse</span> <span class='ocrx_word' id='word_1_34' title='bbox 884 743 1396 807; x_wconf 77' lang='lat' dir='ltr'>existimabimus</span> <span class='ocrx_word' id='word_1_35' title='bbox 1443 743 1554 827; x_wconf 93' lang='lat' dir='ltr'>qui</span> <span class='ocrx_word' id='word_1_36' title='bbox 1599 746 1845 808; x_wconf 86' lang='lat' dir='ltr'>veteres</span> <span class='ocrx_word' id='word_1_37' title='bbox 1891 744 2092 807; x_wconf 90' lang='lat' dir='ltr'>libros</span> <span class='ocrx_word' id='word_1_38' title='bbox 2139 744 2300 807; x_wconf 89' lang='lat' dir='ltr'>anti-</span> 
     </span>
     <span class='ocr_line' id='line_1_7' title="bbox 272 849 2302 936; baseline 0.001 -24"><span class='ocrx_word' id='word_1_39' title='bbox 272 849 679 913; x_wconf 85' lang='lat' dir='ltr'>mam‘chaeos</span> <span class='ocrx_word' id='word_1_40' title='bbox 716 850 1149 933; x_wconf 90' lang='lat' dir='ltr'>conquirendo</span> <span class='ocrx_word' id='word_1_41' title='bbox 1189 854 1254 914; x_wconf 92' lang='lat' dir='ltr'>et</span> <span class='ocrx_word' id='word_1_42' title='bbox 1291 850 1651 936; x_wconf 84' lang='lat' dir='ltr'>colligendo</span> <span class='ocrx_word' id='word_1_43' title='bbox 1689 851 2079 934; x_wconf 89' lang='lat' dir='ltr'>praesidium</span> <span class='ocrx_word' id='word_1_44' title='bbox 2107 851 2302 915; x_wconf 90' lang='lat' dir='ltr'>simul</span> 
     </span>
     <span class='ocr_line' id='line_1_8' title="bbox 273 955 2301 1043; baseline 0.001 -25"><span class='ocrx_word' id='word_1_45' title='bbox 273 958 338 1019; x_wconf 90' lang='lat' dir='ltr'>et</span> <span class='ocrx_word' id='word_1_46' title='bbox 376 956 576 1019; x_wconf 89' lang='lat' dir='ltr'>telum</span> <span class='ocrx_word' id='word_1_47' title='bbox 614 955 1099 1041; x_wconf 77' lang='lat' dir='ltr'>suppeditasset,</span> <span class='ocrx_word' id='word_1_48' title='bbox 1129 979 1265 1040; x_wconf 24' lang='lat' dir='ltr'>&#39;quo</span> <span class='ocrx_word' id='word_1_49' title='bbox 1307 961 1822 1043; x_wconf 83' lang='lat' dir='ltr'>propugnaretur</span> <span class='ocrx_word' id='word_1_50' title='bbox 1865 957 2107 1041; x_wconf 89' lang='lat' dir='ltr'>pariter</span> <span class='ocrx_word' id='word_1_51' title='bbox 2142 957 2301 1021; x_wconf 90' lang='lat' dir='ltr'>fides</span> 
     </span>
     <span class='ocr_line' id='line_1_9' title="bbox 274 1060 2026 1128; baseline 0.002 -4"><span class='ocrx_word' id='word_1_52' title='bbox 274 1060 638 1125; x_wconf 82' lang='lat' dir='ltr'>Christiana</span> <span class='ocrx_word' id='word_1_53' title='bbox 685 1066 750 1126; x_wconf 99' lang='lat' dir='ltr'>et</span> <span class='ocrx_word' id='word_1_54' title='bbox 794 1063 1262 1126; x_wconf 90' lang='lat' dir='ltr'>incesserentur</span> <span class='ocrx_word' id='word_1_55' title='bbox 1305 1062 1523 1127; x_wconf 92' lang='lat' dir='ltr'>hostes</span> <span class='ocrx_word' id='word_1_56' title='bbox 1567 1063 2026 1128; x_wconf 76' lang='lat' dir='ltr'>infensissimi?</span> 
     </span>
    </p>

    <p class='ocr_par' dir='ltr' id='par_1_3' title="bbox 268 1168 2302 1874">
     <span class='ocr_line' id='line_1_10' title="bbox 403 1168 2301 1255; baseline 0.001 -23"><span class='ocrx_word' id='word_1_57' title='bbox 403 1168 601 1255; x_wconf 82' lang='lat' dir='ltr'>ErgO,</span> <span class='ocrx_word' id='word_1_58' title='bbox 646 1173 721 1232; x_wconf 92' lang='lat' dir='ltr'>ut</span> <span class='ocrx_word' id='word_1_59' title='bbox 757 1169 938 1233; x_wconf 84' lang='lat' dir='ltr'>brevi</span> <span class='ocrx_word' id='word_1_60' title='bbox 976 1168 1528 1255; x_wconf 77' lang='lat' dir='ltr'>comprehendam,</span> <span class='ocrx_word' id='word_1_61' title='bbox 1573 1169 1746 1233; x_wconf 89' lang='lat' dir='ltr'>haud</span> <span class='ocrx_word' id='word_1_62' title='bbox 1781 1171 1874 1233; x_wconf 85' lang='lat' dir='ltr'>ita</span> <span class='ocrx_word' id='word_1_63' title='bbox 1908 1168 2114 1234; x_wconf 91' lang='lat' dir='ltr'>multo</span> <span class='ocrx_word' id='word_1_64' title='bbox 2151 1174 2301 1254; x_wconf 89' lang='lat' dir='ltr'>post</span> 
     </span>
     <span class='ocr_line' id='line_1_11' title="bbox 273 1275 2298 1362; baseline 0 -24"><span class='ocrx_word' id='word_1_65' title='bbox 273 1297 467 1358; x_wconf 87' lang='lat' dir='ltr'>quam</span> <span class='ocrx_word' id='word_1_66' title='bbox 513 1275 791 1341; x_wconf 87' lang='lat' dir='ltr'>Basilius</span> <span class='ocrx_word' id='word_1_67' title='bbox 836 1275 1099 1340; x_wconf 81' lang='lat' dir='ltr'>Macedo</span> <span class='ocrx_word' id='word_1_68' title='bbox 1159 1299 1375 1341; x_wconf 89' lang='lat' dir='ltr'>rerum</span> <span class='ocrx_word' id='word_1_69' title='bbox 1429 1277 1676 1360; x_wconf 85' lang='lat' dir='ltr'>potitus</span> <span class='ocrx_word' id='word_1_70' title='bbox 1733 1281 1855 1362; x_wconf 85' lang='lat' dir='ltr'>est,</span> <span class='ocrx_word' id='word_1_71' title='bbox 1909 1277 2104 1341; x_wconf 93' lang='lat' dir='ltr'>homo</span> <span class='ocrx_word' id='word_1_72' title='bbox 2162 1277 2298 1361; x_wconf 88' lang='lat' dir='ltr'>qui-</span> 
     </span>
     <span class='ocr_line' id='line_1_12' title="bbox 272 1381 2301 1468; baseline 0.002 -24"><span class='ocrx_word' id='word_1_73' title='bbox 272 1381 420 1444; x_wconf 89' lang='lat' dir='ltr'>dam</span> <span class='ocrx_word' id='word_1_74' title='bbox 449 1382 736 1446; x_wconf 88' lang='lat' dir='ltr'>eruditus</span> <span class='ocrx_word' id='word_1_75' title='bbox 772 1382 974 1447; x_wconf 90' lang='lat' dir='ltr'>libros</span> <span class='ocrx_word' id='word_1_76' title='bbox 1013 1383 1263 1467; x_wconf 85' lang='lat' dir='ltr'>aliquot</span> <span class='ocrx_word' id='word_1_77' title='bbox 1299 1383 1380 1446; x_wconf 85' lang='lat' dir='ltr'>ad</span> <span class='ocrx_word' id='word_1_78' title='bbox 1406 1383 1928 1448; x_wconf 85' lang='lat' dir='ltr'>Manichaeorum</span> <span class='ocrx_word' id='word_1_79' title='bbox 1967 1385 2301 1468; x_wconf 84' lang='lat' dir='ltr'>opiniones</span> 
     </span>
     <span class='ocr_line' id='line_1_13' title="bbox 275 1488 2302 1554; baseline 0.001 -3"><span class='ocrx_word' id='word_1_80' title='bbox 275 1488 646 1552; x_wconf 83' lang='lat' dir='ltr'>refutandas</span> <span class='ocrx_word' id='word_1_81' title='bbox 709 1490 987 1553; x_wconf 86' lang='lat' dir='ltr'>maxime</span> <span class='ocrx_word' id='word_1_82' title='bbox 1052 1490 1317 1553; x_wconf 93' lang='lat' dir='ltr'>idoneos</span> <span class='ocrx_word' id='word_1_83' title='bbox 1382 1489 1829 1554; x_wconf 89' lang='lat' dir='ltr'>describendos</span> <span class='ocrx_word' id='word_1_84' title='bbox 1891 1491 2139 1554; x_wconf 87' lang='lat' dir='ltr'>curavit</span> <span class='ocrx_word' id='word_1_85' title='bbox 2199 1490 2302 1554; x_wconf 89' lang='lat' dir='ltr'>de-</span> 
     </span>
     <span class='ocr_line' id='line_1_14' title="bbox 272 1594 2301 1683; baseline 0.001 -26"><span class='ocrx_word' id='word_1_86' title='bbox 272 1594 675 1679; x_wconf 89' lang='lat' dir='ltr'>scriptosque</span> <span class='ocrx_word' id='word_1_87' title='bbox 730 1596 1103 1678; x_wconf 90' lang='lat' dir='ltr'>imperatori</span> <span class='ocrx_word' id='word_1_88' title='bbox 1158 1595 1401 1659; x_wconf 88' lang='lat' dir='ltr'>bellum</span> <span class='ocrx_word' id='word_1_89' title='bbox 1454 1594 1971 1660; x_wconf 89' lang='lat' dir='ltr'>Paulicianorum</span> <span class='ocrx_word' id='word_1_90' title='bbox 2027 1597 2301 1683; x_wconf 85' lang='lat' dir='ltr'>agitanti</span> 
     </span>
     <span class='ocr_line' id='line_1_15' title="bbox 270 1702 2301 1787; baseline 0 -23"><span class='ocrx_word' id='word_1_91' title='bbox 270 1724 402 1765; x_wconf 87' lang='lat' dir='ltr'>una</span> <span class='ocrx_word' id='word_1_92' title='bbox 457 1723 603 1766; x_wconf 93' lang='lat' dir='ltr'>cum</span> <span class='ocrx_word' id='word_1_93' title='bbox 660 1703 939 1767; x_wconf 88' lang='lat' dir='ltr'>carmine</span> <span class='ocrx_word' id='word_1_94' title='bbox 996 1703 1172 1766; x_wconf 93' lang='lat' dir='ltr'>illius</span> <span class='ocrx_word' id='word_1_95' title='bbox 1226 1702 1446 1767; x_wconf 89' lang='lat' dir='ltr'>laudes</span> <span class='ocrx_word' id='word_1_96' title='bbox 1501 1706 1567 1766; x_wconf 90' lang='lat' dir='ltr'>et</span> <span class='ocrx_word' id='word_1_97' title='bbox 1628 1703 1830 1787; x_wconf 90' lang='lat' dir='ltr'>ipsius</span> <span class='ocrx_word' id='word_1_98' title='bbox 1884 1705 2036 1766; x_wconf 86' lang='lat' dir='ltr'>vota</span> <span class='ocrx_word' id='word_1_99' title='bbox 2100 1703 2301 1766; x_wconf 89' lang='lat' dir='ltr'>conti-</span> 
     </span>
     <span class='ocr_line' id='line_1_16' title="bbox 268 1792 1166 1874; baseline 0.006 -3"><span class='ocrx_word' id='word_1_100' title='bbox 268 1811 465 1873; x_wconf 72' lang='lat' dir='ltr'>nente</span> <span class='ocrx_word' id='word_1_101' title='bbox 513 1810 796 1874; x_wconf 67' lang='lat' dir='ltr'>tradidit.</span> <span class='ocrx_word' id='word_1_102' title='bbox 1161 1792 1166 1798; x_wconf 82' lang='grc'><em>“</em></span> 
     </span>
    </p>

    <p class='ocr_par' dir='ltr' id='par_1_4' title="bbox 272 1914 2300 2214">
     <span class='ocr_line' id='line_1_17' title="bbox 404 1914 2299 2003; baseline 0.001 -25"><span class='ocrx_word' id='word_1_103' title='bbox 404 1914 764 2001; x_wconf 83' lang='lat' dir='ltr'>Perexigua</span> <span class='ocrx_word' id='word_1_104' title='bbox 816 1915 1008 1979; x_wconf 86' lang='lat' dir='ltr'>huius</span> <span class='ocrx_word' id='word_1_105' title='bbox 1062 1916 1349 2003; x_wconf 82' lang='lat' dir='ltr'>syllogae</span> <span class='ocrx_word' id='word_1_106' title='bbox 1403 1938 1551 1999; x_wconf 85' lang='lat' dir='ltr'>pars</span> <span class='ocrx_word' id='word_1_107' title='bbox 1617 1919 1867 1980; x_wconf 85' lang='lat' dir='ltr'>servata</span> <span class='ocrx_word' id='word_1_108' title='bbox 1926 1919 2022 1979; x_wconf 92' lang='lat' dir='ltr'>est</span> <span class='ocrx_word' id='word_1_109' title='bbox 2083 1916 2299 1980; x_wconf 87' lang='lat' dir='ltr'>codice</span> 
     </span>
     <span class='ocr_line' id='line_1_18' title="bbox 272 2021 2300 2109; baseline 0 -24"><span class='ocrx_word' id='word_1_110' title='bbox 272 2021 579 2085; x_wconf 90' lang='lat' dir='ltr'>Mediceo.</span> <span class='ocrx_word' id='word_1_111' title='bbox 670 2021 915 2086; x_wconf 86' lang='lat' dir='ltr'>Existit</span> <span class='ocrx_word' id='word_1_112' title='bbox 960 2022 1162 2109; x_wconf 86' lang='lat' dir='ltr'>igitur</span> <span class='ocrx_word' id='word_1_113' title='bbox 1207 2022 1331 2087; x_wconf 91' lang='lat' dir='ltr'>hoc</span> <span class='ocrx_word' id='word_1_114' title='bbox 1376 2022 1518 2087; x_wconf 92' lang='lat' dir='ltr'>loco</span> <span class='ocrx_word' id='word_1_115' title='bbox 1563 2043 1732 2086; x_wconf 86' lang='lat' dir='ltr'>nova</span> <span class='ocrx_word' id='word_1_116' title='bbox 1779 2022 2093 2108; x_wconf 82' lang='lat' dir='ltr'>quaestio,</span> <span class='ocrx_word' id='word_1_117' title='bbox 2142 2044 2300 2086; x_wconf 91' lang='lat' dir='ltr'>num</span> 
     </span>
     <span class='ocr_line' id='line_1_19' title="bbox 272 2128 1837 2214; baseline 0.001 -23"><span class='ocrx_word' id='word_1_118' title='bbox 272 2128 435 2192; x_wconf 89' lang='lat' dir='ltr'>aliae</span> <span class='ocrx_word' id='word_1_119' title='bbox 481 2128 649 2192; x_wconf 90' lang='lat' dir='ltr'>forte</span> <span class='ocrx_word' id='word_1_120' title='bbox 697 2129 832 2192; x_wconf 91' lang='lat' dir='ltr'>eius</span> <span class='ocrx_word' id='word_1_121' title='bbox 877 2129 1186 2213; x_wconf 86' lang='lat' dir='ltr'>reliquiae</span> <span class='ocrx_word' id='word_1_122' title='bbox 1230 2129 1482 2213; x_wconf 92' lang='lat' dir='ltr'>possint</span> <span class='ocrx_word' id='word_1_123' title='bbox 1529 2129 1837 2214; x_wconf 83' lang='lat' dir='ltr'>indagari.</span> 
     </span>
    </p>

    <p class='ocr_par' dir='ltr' id='par_1_5' title="bbox 406 2234 2299 2321">
     <span class='ocr_line' id='line_1_20' title="bbox 406 2234 2299 2321; baseline 0.001 -24"><span class='ocrx_word' id='word_1_124' title='bbox 406 2234 511 2298; x_wconf 83' lang='lat' dir='ltr'>Ex</span> <span class='ocrx_word' id='word_1_125' title='bbox 537 2234 854 2298; x_wconf 90' lang='lat' dir='ltr'>librorum</span> <span class='ocrx_word' id='word_1_126' title='bbox 892 2239 1115 2299; x_wconf 88' lang='lat' dir='ltr'>contra</span> <span class='ocrx_word' id='word_1_127' title='bbox 1141 2235 1553 2300; x_wconf 85' lang='lat' dir='ltr'>Manichaeos</span> <span class='ocrx_word' id='word_1_128' title='bbox 1589 2235 1976 2320; x_wconf 90' lang='lat' dir='ltr'>scriptorum</span> <span class='ocrx_word' id='word_1_129' title='bbox 2012 2257 2299 2321; x_wconf 79' lang='lat' dir='ltr'>numerO‚</span> 
     </span>
    </p>
   </div>
   <div class='ocr_carea' id='block_1_3' title="bbox 270 2339 2297 2513">
    <p class='ocr_par' dir='ltr' id='par_1_6' title="bbox 270 2339 2297 2513">
     <span class='ocr_line' id='line_1_21' title="bbox 271 2339 2292 2426; baseline 0 -22"><span class='ocrx_word' id='word_1_130' title='bbox 271 2363 434 2425; x_wconf 90' lang='lat' dir='ltr'>quos</span> <span class='ocrx_word' id='word_1_131' title='bbox 479 2342 834 2425; x_wconf 85' lang='lat' dir='ltr'>permultos</span> <span class='ocrx_word' id='word_1_132' title='bbox 879 2342 1075 2406; x_wconf 81' lang='lat' dir='ltr'>fuisse</span> <span class='ocrx_word' id='word_1_133' title='bbox 1120 2342 1224 2406; x_wconf 87' lang='lat' dir='ltr'>vel</span> <span class='ocrx_word' id='word_1_134' title='bbox 1269 2341 1673 2426; x_wconf 86' lang='lat' dir='ltr'>Epiphanius</span> <span class='ocrx_word' id='word_1_135' title='bbox 1718 2364 1934 2426; x_wconf 90' lang='lat' dir='ltr'>panar.</span> <span class='ocrx_word' id='word_1_136' title='bbox 1972 2339 2182 2406; x_wconf 91' lang='lat' dir='ltr'>LXVI</span> <span class='ocrx_word' id='word_1_137' title='bbox 2211 2343 2292 2405; x_wconf 81' lang='lat'>21</span> 
     </span>
     <span class='ocr_line' id='line_1_22' title="bbox 270 2446 2297 2513; baseline -0.001 0"><span class='ocrx_word' id='word_1_138' title='bbox 270 2452 336 2513; x_wconf 89' lang='lat' dir='ltr'>et</span> <span class='ocrx_word' id='word_1_139' title='bbox 381 2446 822 2512; x_wconf 84' lang='lat' dir='ltr'>Theodoretus</span> <span class='ocrx_word' id='word_1_140' title='bbox 866 2448 1101 2512; x_wconf 87' lang='lat' dir='ltr'>haeret.</span> <span class='ocrx_word' id='word_1_141' title='bbox 1149 2448 1276 2512; x_wconf 88' lang='lat' dir='ltr'>fab.</span> <span class='ocrx_word' id='word_1_142' title='bbox 1322 2446 1355 2511; x_wconf 95' lang='lat' dir='ltr'>I</span> <span class='ocrx_word' id='word_1_143' title='bbox 1393 2449 1477 2513; x_wconf 80' lang='lat'>26</span> <span class='ocrx_word' id='word_1_144' title='bbox 1534 2452 1600 2512; x_wconf 90' lang='lat' dir='ltr'>et</span> <span class='ocrx_word' id='word_1_145' title='bbox 1643 2447 2064 2512; x_wconf 86' lang='lat' dir='ltr'>Heraclianus</span> <span class='ocrx_word' id='word_1_146' title='bbox 2113 2447 2297 2512; x_wconf 82' lang='lat' dir='ltr'>Chal-</span> 
     </span>
    </p>
   </div>
   <div class='ocr_carea' id='block_1_4' title="bbox 275 2576 703 2584">
    <p class='ocr_par' dir='ltr' id='par_1_7' title="bbox 275 2576 703 2584">
     <span class='ocr_line' id='line_1_23' title="bbox 275 2576 703 2584; baseline 0 1216"><span class='ocrx_word' id='word_1_147' title='bbox 275 2576 703 2584; x_wconf 95' lang='lat' dir='ltr'> </span> 
     </span>
    </p>
   </div>
   <div class='ocr_carea' id='block_1_5' title="bbox 208 2637 2324 3595">
    <p class='ocr_par' dir='ltr' id='par_1_8' title="bbox 208 2637 2324 3505">
     <span class='ocr_line' id='line_1_24' title="bbox 416 2637 2296 2709; baseline 0.001 -16"><span class='ocrx_word' id='word_1_148' title='bbox 416 2641 469 2708; x_wconf 92' lang='lat'>1)</span> <span class='ocrx_word' id='word_1_149' title='bbox 507 2639 587 2694; x_wconf 82' lang='lat' dir='ltr'>Of.</span> <span class='ocrx_word' id='word_1_150' title='bbox 625 2637 799 2708; x_wconf 86' lang='lat' dir='ltr'>Mign.</span> <span class='ocrx_word' id='word_1_151' title='bbox 822 2638 915 2693; x_wconf 87' lang='lat' dir='ltr'>CV</span> <span class='ocrx_word' id='word_1_152' title='bbox 942 2658 994 2709; x_wconf 89' lang='lat' dir='ltr'>p.</span> <span class='ocrx_word' id='word_1_153' title='bbox 1018 2645 1166 2708; x_wconf 68' lang='lat'><strong>672⁸,</strong></span> <span class='ocrx_word' id='word_1_154' title='bbox 1205 2639 1655 2707; x_wconf 86' lang='lat' dir='ltr'>Hergenroether</span> <span class='ocrx_word' id='word_1_155' title='bbox 1680 2639 1734 2692; x_wconf 94' lang='grc' dir='ltr'>Π</span> <span class='ocrx_word' id='word_1_156' title='bbox 1759 2657 1814 2708; x_wconf 88' lang='lat' dir='ltr'>p.</span> <span class='ocrx_word' id='word_1_157' title='bbox 1838 2645 1958 2694; x_wconf 91' lang='grc'><strong>601.</strong></span> <span class='ocrx_word' id='word_1_158' title='bbox 2014 2639 2097 2694; x_wconf 89' lang='lat' dir='ltr'>De</span> <span class='ocrx_word' id='word_1_159' title='bbox 2129 2638 2296 2694; x_wconf 81' lang='lat' dir='ltr'>huius</span> 
     </span>
     <span class='ocr_line' id='line_1_25' title="bbox 268 2726 2299 2798; baseline 0.001 -18"><span class='ocrx_word' id='word_1_160' title='bbox 268 2726 517 2782; x_wconf 81' lang='lat' dir='ltr'>hominis</span> <span class='ocrx_word' id='word_1_161' title='bbox 556 2730 744 2781; x_wconf 85' lang='lat' dir='ltr'>aetate</span> <span class='ocrx_word' id='word_1_162' title='bbox 783 2744 909 2781; x_wconf 90' lang='lat' dir='ltr'>cum</span> <span class='ocrx_word' id='word_1_163' title='bbox 945 2728 1090 2781; x_wconf 86' lang='lat' dir='ltr'>mira</span> <span class='ocrx_word' id='word_1_164' title='bbox 1127 2727 1263 2782; x_wconf 90' lang='lat' dir='ltr'>olim</span> <span class='ocrx_word' id='word_1_165' title='bbox 1298 2726 1545 2782; x_wconf 88' lang='lat' dir='ltr'>fabulati</span> <span class='ocrx_word' id='word_1_166' title='bbox 1590 2726 1731 2797; x_wconf 85' lang='lat' dir='ltr'>sint,</span> <span class='ocrx_word' id='word_1_167' title='bbox 1770 2726 1831 2781; x_wconf 88' lang='lat' dir='ltr'>in</span> <span class='ocrx_word' id='word_1_168' title='bbox 1876 2727 2127 2782; x_wconf 87' lang='lat' dir='ltr'>medium</span> <span class='ocrx_word' id='word_1_169' title='bbox 2170 2745 2299 2798; x_wconf 89' lang='lat' dir='ltr'>pro-</span> 
     </span>
     <span class='ocr_line' id='line_1_26' title="bbox 208 2815 2293 2887; baseline 0 -18"><span class='ocrx_word' id='word_1_170' title='bbox 208 2845 213 2848; x_wconf 96' lang='lat'>·</span> <span class='ocrx_word' id='word_1_171' title='bbox 266 2815 415 2870; x_wconf 88' lang='lat' dir='ltr'>ferre</span> <span class='ocrx_word' id='word_1_172' title='bbox 466 2815 627 2870; x_wconf 83' lang='lat' dir='ltr'>iuvat</span> <span class='ocrx_word' id='word_1_173' title='bbox 677 2815 887 2871; x_wconf 81' lang='lat' dir='ltr'>codicis</span> <span class='ocrx_word' id='word_1_174' title='bbox 938 2816 1077 2872; x_wconf 90' lang='lat' dir='ltr'>bibl.</span> <span class='ocrx_word' id='word_1_175' title='bbox 1125 2816 1469 2872; x_wconf 85' lang='lat' dir='ltr'>Bodleianae</span> <span class='ocrx_word' id='word_1_176' title='bbox 1504 2816 1787 2870; x_wconf 85' lang='lat' dir='ltr'>Laudiani</span> <span class='ocrx_word' id='word_1_177' title='bbox 1825 2822 1891 2872; x_wconf 81' lang='lat'>73</span> <span class='ocrx_word' id='word_1_178' title='bbox 1944 2819 2111 2887; x_wconf 83' lang='lat' dir='ltr'>(saec.</span> <span class='ocrx_word' id='word_1_179' title='bbox 2140 2815 2293 2883; x_wconf 86' lang='lat' dir='ltr'>XVI)</span> 
     </span>
     <span class='ocr_line' id='line_1_27' title="bbox 265 2903 2297 2974; baseline -0 -15"><span class='ocrx_word' id='word_1_180' title='bbox 265 2904 672 2959; x_wconf 86' lang='lat' dir='ltr'>testimonium.</span> <span class='ocrx_word' id='word_1_181' title='bbox 728 2903 897 2959; x_wconf 87' lang='lat' dir='ltr'>Cuius</span> <span class='ocrx_word' id='word_1_182' title='bbox 923 2905 1171 2960; x_wconf 72' lang='lat' dir='ltr'>f01.102v</span> <span class='ocrx_word' id='word_1_183' title='bbox 1212 2907 1227 2931; x_wconf 83' lang='lat'><em>‘</em></span> <span class='ocrx_word' id='word_1_184' title='bbox 1243 2904 1480 2960; x_wconf 85' lang='lat' dir='ltr'>Nicetae</span> <span class='ocrx_word' id='word_1_185' title='bbox 1508 2904 1807 2973; x_wconf 80' lang='lat' dir='ltr'>Byzantini</span> <span class='ocrx_word' id='word_1_186' title='bbox 1833 2904 2160 2974; x_wconf 84' lang='lat' dir='ltr'>philosophi</span> <span class='ocrx_word' id='word_1_187' title='bbox 2173 2945 2297 2960; x_wconf 92' lang='grc'><strong>.....</strong></span> 
     </span>
     <span class='ocr_line' id='line_1_28' title="bbox 269 2992 2299 3063; baseline -0.001 -15"><span class='ocrx_word' id='word_1_188' title='bbox 269 2996 470 3048; x_wconf 87' lang='lat' dir='ltr'>contra</span> <span class='ocrx_word' id='word_1_189' title='bbox 507 3010 601 3048; x_wconf 86' lang='lat' dir='ltr'>eos</span> <span class='ocrx_word' id='word_1_190' title='bbox 639 2992 737 3062; x_wconf 90' lang='lat' dir='ltr'>qui</span> <span class='ocrx_word' id='word_1_191' title='bbox 775 2993 1027 3062; x_wconf 82' lang='lat' dir='ltr'>symbolo</span> <span class='ocrx_word' id='word_1_192' title='bbox 1065 2993 1394 3049; x_wconf 83' lang='lat' dir='ltr'>adiecerunt</span> <span class='ocrx_word' id='word_1_193' title='bbox 1428 2993 1685 3063; x_wconf 86' lang='lat' dir='ltr'>filioque&#39;</span> <span class='ocrx_word' id='word_1_194' title='bbox 1738 2992 1871 3048; x_wconf 87' lang='lat' dir='ltr'>libri</span> <span class='ocrx_word' id='word_1_195' title='bbox 1916 2994 2186 3063; x_wconf 89' lang='lat' dir='ltr'>(nondum</span> <span class='ocrx_word' id='word_1_196' title='bbox 2234 2994 2299 3046; x_wconf 84' lang='lat' dir='ltr'>ut</span> 
     </span>
     <span class='ocr_line' id='line_1_29' title="bbox 264 3077 2295 3153; baseline -0 -17"><span class='ocrx_word' id='word_1_197' title='bbox 264 3080 496 3137; x_wconf 85' lang='lat' dir='ltr'>videtur</span> <span class='ocrx_word' id='word_1_198' title='bbox 530 3081 692 3153; x_wconf 86' lang='lat' dir='ltr'>editi)</span> <span class='ocrx_word' id='word_1_199' title='bbox 727 3082 896 3137; x_wconf 85' lang='lat' dir='ltr'>titulo</span> <span class='ocrx_word' id='word_1_200' title='bbox 934 3083 1076 3137; x_wconf 85' lang='lat' dir='ltr'>haec</span> <span class='ocrx_word' id='word_1_201' title='bbox 1113 3082 1487 3138; x_wconf 85' lang='lat' dir='ltr'>subiciuntur:</span> <span class='ocrx_word' id='word_1_202' title='bbox 1541 3077 1614 3152; x_wconf 83' lang='grc' dir='ltr'>ἦν</span> <span class='ocrx_word' id='word_1_203' title='bbox 1652 3080 1743 3153; x_wconf 81' lang='grc' dir='ltr'>(ἣν</span> <span class='ocrx_word' id='word_1_204' title='bbox 1782 3082 1927 3150; x_wconf 84' lang='lat' dir='ltr'>cod.)</span> <span class='ocrx_word' id='word_1_205' title='bbox 1966 3082 2029 3136; x_wconf 80' lang='grc' dir='ltr'>δὲ</span> <span class='ocrx_word' id='word_1_206' title='bbox 2068 3078 2229 3143; x_wconf 79' lang='grc' dir='ltr'><em>οὗτος</em></span> <span class='ocrx_word' id='word_1_207' title='bbox 2266 3080 2295 3135; x_wconf 88' lang='grc' dir='ltr'>ὁ</span> 
     </span>
     <span class='ocr_line' id='line_1_30' title="bbox 266 3167 2297 3242; baseline -0.001 -17"><span class='ocrx_word' id='word_1_208' title='bbox 266 3172 627 3241; x_wconf 75' lang='grc' dir='ltr'><strong><em>συγγραφεὺς</em></strong></span> <span class='ocrx_word' id='word_1_209' title='bbox 662 3170 965 3237; x_wconf 79' lang='grc' dir='ltr'><strong><em>Βυζάντιος</em></strong></span> <span class='ocrx_word' id='word_1_210' title='bbox 1016 3167 1110 3227; x_wconf 82' lang='grc' dir='ltr'>ἐπὶ</span> <span class='ocrx_word' id='word_1_211' title='bbox 1145 3180 1257 3226; x_wconf 83' lang='grc' dir='ltr'>τῶν</span> <span class='ocrx_word' id='word_1_212' title='bbox 1295 3171 1511 3242; x_wconf 82' lang='grc' dir='ltr'><strong><em>χρόνων</em></strong></span> <span class='ocrx_word' id='word_1_213' title='bbox 1548 3179 1646 3239; x_wconf 81' lang='grc' dir='ltr'>τῆς</span> <span class='ocrx_word' id='word_1_214' title='bbox 1683 3172 1965 3241; x_wconf 75' lang='grc' dir='ltr'><strong><em>βασιλείας</em></strong></span> <span class='ocrx_word' id='word_1_215' title='bbox 2000 3179 2099 3225; x_wconf 81' lang='grc' dir='ltr'>τοῦ</span> <span class='ocrx_word' id='word_1_216' title='bbox 2140 3171 2297 3242; x_wconf 86' lang='grc' dir='ltr'><strong><em>βασι-</em></strong></span> 
     </span>
     <span class='ocr_line' id='line_1_31' title="bbox 266 3257 2324 3329; baseline -0.001 -16"><span class='ocrx_word' id='word_1_217' title='bbox 266 3258 406 3322; x_wconf 79' lang='grc' dir='ltr'><strong><em>λέως</em></strong></span> <span class='ocrx_word' id='word_1_218' title='bbox 442 3260 673 3329; x_wconf 82' lang='grc' dir='ltr'><strong><em>Μιχαὴλ</em></strong></span> <span class='ocrx_word' id='word_1_219' title='bbox 710 3258 838 3313; x_wconf 70' lang='grc' dir='ltr'>ὐἱοῦ</span> <span class='ocrx_word' id='word_1_220' title='bbox 879 3261 1177 3329; x_wconf 81' lang='grc' dir='ltr'><em>Θεοφίλου,</em></span> <span class='ocrx_word' id='word_1_221' title='bbox 1217 3260 1518 3328; x_wconf 77' lang='grc' dir='ltr'><strong><em>διαρκέσας</em></strong></span> <span class='ocrx_word' id='word_1_222' title='bbox 1553 3257 1713 3329; x_wconf 80' lang='grc' dir='ltr'><strong><em>μέχρι</em></strong></span> <span class='ocrx_word' id='word_1_223' title='bbox 1747 3257 1845 3311; x_wconf 79' lang='grc' dir='ltr'>καὶ</span> <span class='ocrx_word' id='word_1_224' title='bbox 1879 3266 1978 3327; x_wconf 82' lang='grc' dir='ltr'>τῆς</span> <span class='ocrx_word' id='word_1_225' title='bbox 2014 3259 2324 3327; x_wconf 75' lang='grc' dir='ltr'><strong><em>βασιλείας·</em></strong></span> 
     </span>
     <span class='ocr_line' id='line_1_32' title="bbox 265 3344 2295 3418; baseline 0 -17"><span class='ocrx_word' id='word_1_226' title='bbox 265 3349 443 3417; x_wconf 78' lang='grc' dir='ltr'><strong><em>αὐτῆς</em></strong></span> <span class='ocrx_word' id='word_1_227' title='bbox 478 3356 577 3402; x_wconf 79' lang='grc' dir='ltr'>τοῦ</span> <span class='ocrx_word' id='word_1_228' title='bbox 627 3345 891 3418; x_wconf 82' lang='grc' dir='ltr'><strong><em>βασιλέως</em></strong></span> <span class='ocrx_word' id='word_1_229' title='bbox 936 3358 1110 3418; x_wconf 83' lang='grc' dir='ltr'><strong><em>κυροῦ</em></strong></span> <span class='ocrx_word' id='word_1_230' title='bbox 1147 3347 1389 3411; x_wconf 83' lang='grc' dir='ltr'><strong><em>Λέοντος</em></strong></span> <span class='ocrx_word' id='word_1_231' title='bbox 1432 3355 1531 3402; x_wconf 84' lang='grc' dir='ltr'>τοῦ</span> <span class='ocrx_word' id='word_1_232' title='bbox 1579 3354 1758 3415; x_wconf 81' lang='grc' dir='ltr'><em>σοφοῦ</em></span> <span class='ocrx_word' id='word_1_233' title='bbox 1805 3345 1893 3414; x_wconf 89' lang='lat' dir='ltr'>(cf.</span> <span class='ocrx_word' id='word_1_234' title='bbox 1934 3344 2081 3399; x_wconf 83' lang='lat' dir='ltr'>Coxe</span> <span class='ocrx_word' id='word_1_235' title='bbox 2127 3345 2295 3401; x_wconf 86' lang='lat' dir='ltr'>catal.</span> 
     </span>
     <span class='ocr_line' id='line_1_33' title="bbox 264 3434 1320 3505; baseline 0.002 -16"><span class='ocrx_word' id='word_1_236' title='bbox 264 3437 435 3491; x_wconf 90' lang='lat' dir='ltr'>codd.</span> <span class='ocrx_word' id='word_1_237' title='bbox 474 3435 614 3491; x_wconf 92' lang='lat' dir='ltr'>bibl.</span> <span class='ocrx_word' id='word_1_238' title='bbox 651 3434 994 3490; x_wconf 84' lang='lat' dir='ltr'>Bodleianae</span> <span class='ocrx_word' id='word_1_239' title='bbox 1030 3438 1056 3489; x_wconf 97' lang='lat' dir='ltr'>I</span> <span class='ocrx_word' id='word_1_240' title='bbox 1091 3455 1144 3505; x_wconf 90' lang='lat' dir='ltr'>p.</span> <span class='ocrx_word' id='word_1_241' title='bbox 1178 3439 1320 3505; x_wconf 85' lang='lat'>559).</span> 
     </span>
    </p>

    <p class='ocr_par' dir='ltr' id='par_1_9' title="bbox 418 3522 1574 3595">
     <span class='ocr_line' id='line_1_34' title="bbox 418 3522 1574 3595; baseline -0.003 -17"><span class='ocrx_word' id='word_1_242' title='bbox 418 3526 471 3593; x_wconf 82' lang='lat'>2)</span> <span class='ocrx_word' id='word_1_243' title='bbox 511 3523 590 3579; x_wconf 87' lang='lat' dir='ltr'>Cf.</span> <span class='ocrx_word' id='word_1_244' title='bbox 630 3522 806 3579; x_wconf 83' lang='lat' dir='ltr'>etiam</span> <span class='ocrx_word' id='word_1_245' title='bbox 844 3541 1013 3595; x_wconf 88' lang='lat' dir='ltr'>supra</span> <span class='ocrx_word' id='word_1_246' title='bbox 1049 3543 1103 3594; x_wconf 89' lang='lat' dir='ltr'>p.</span> <span class='ocrx_word' id='word_1_247' title='bbox 1133 3525 1343 3580; x_wconf 90' lang='lat' dir='ltr'>XXVII</span> <span class='ocrx_word' id='word_1_248' title='bbox 1377 3525 1493 3577; x_wconf 85' lang='lat' dir='ltr'>not.</span> <span class='ocrx_word' id='word_1_249' title='bbox 1526 3528 1574 3576; x_wconf 90' lang='lat'>1.</span> 
     </span>
    </p>
   </div>
  </div>
 </body>
</html>
