2484 3800
442 921 793 986 Alexandri
829 922 1280 1006 Lycopolitani
1324 921 1696 1006 philosophi
1740 921 2062 986 Platonici
2108 926 2332 986 contra

317 1028 677 1092 Manichaei
707 1029 1040 1112 opiniones
1079 1030 1448 1113 disputatio,
1477 1029 1546 1091 in
1581 1028 1781 1091 vastis
1816 1032 2076 1112 patrum
2112 1028 2343 1092 biblio-

311 1135 644 1199 thecarum
682 1136 973 1200 armariis
1012 1135 1387 1199 abscondita
1423 1135 1630 1220 magis
1669 1157 1863 1218 quam
1900 1134 2174 1220 condita,
2209 1157 2342 1198 non

312 1264 439 1306 uno
485 1242 748 1306 nomine
793 1242 1049 1306 videtur
1094 1242 1258 1305 mihi
1296 1241 1489 1327 digna
1535 1263 1687 1326 esse,
1727 1263 1889 1325 quae
1936 1241 2192 1305 tandem
2231 1241 2341 1304 ali—

316 1348 571 1431 quando
638 1349 706 1412 in
769 1349 979 1412 lucem
1042 1349 1410 1433 proferatur
1473 1370 1716 1431 suoque
1781 1348 1922 1412 loco
1977 1351 2339 1431 reponatur.

310 1454 480 1520 Nam
526 1455 582 1519 si
627 1477 851 1518 verum
890 1460 1003 1540 est,
1052 1455 1223 1539 quod
1271 1459 1368 1519 est
1411 1455 1720 1539 profec't0‚
1758 1454 1904 1517 inde
1943 1453 2021 1517 ab
2071 1457 2341 1517 exeunte

314 1561 564 1625 saeculo
622 1585 683 1645 p.
734 1561 878 1625 Chr.
925 1584 986 1626 n.
1036 1562 1228 1625 tertio
1287 1566 1417 1625 tres
1473 1584 1666 1645 quam
1718 1561 1997 1624 maxime
2053 1561 2221 1623 inter
2274 1582 2341 1623 se

313 1671 585 1731 certasse
632 1669 915 1732 rationes
964 1671 1156 1751 atque
1205 1667 1590 1751 disciplinas,
1640 1665 2152 1730 Christianorum
2197 1666 2340 1729 Pla-

311 1775 673 1838 tonicorum
710 1773 1250 1859 Manichaeorum,
1287 1774 1391 1837 vel
1436 1773 1578 1837 ideo
1616 1771 2053 1837 memorabilis
2101 1777 2198 1836 est
2232 1772 2339 1836 hic

308 1880 583 1967 libellus,
623 1880 796 1966 quod
839 1884 1093 1965 praeter
1132 1879 1450 1965 Simplicii
1498 1880 1576 1945 ab
1625 1878 2017 1964 explicandis
2053 1878 2339 1964 Epicteti

310 1989 644 2052 sententiis
716 1989 1079 2073 paullulum
1153 1989 1539 2074 egredientis
1621 1987 2339 2051 commentatiunculam

310 2117 527 2158 earum
592 2096 1196 2179 controversiarum,
1256 2096 1474 2178 quales
1527 2094 1880 2158 Platonicis
1947 2096 2129 2156 erant
2187 2115 2334 2156 cum

310 2200 720 2288 Manichaeis‚
765 2203 1030 2266 unicum
1075 2205 1366 2286 superest
1409 2204 1915 2266 monumentum.
1997 2199 2337 2263 Praeterea

308 2331 438 2372 non
484 2308 675 2373 modo
725 2308 1024 2373 omnibus
1082 2309 1194 2392 qui
1251 2312 1473 2372 extant
1526 2308 1753 2371 ceteris
1811 2306 2094 2370 eiusdem
2149 2328 2333 2391 argu-

308 2417 509 2479 menti
554 2415 740 2479 libris
787 2420 884 2480 est
930 2415 1271 2498 vetustior,
1318 2414 1429 2478 sed
1475 2415 1669 2478 etiam
1722 2413 1898 2477 haud
1941 2434 2145 2496 pauca
2191 2434 2335 2476 con—

228 2601 235 2609 .
309 2522 489 2607 tinet,
537 2544 699 2605 quae
746 2522 826 2585 ad
870 2523 1132 2586 illorum
1175 2521 1413 2605 placita
1460 2519 1731 2584 obscura
1775 2518 1958 2582 valde
2015 2541 2133 2582 nec
2179 2519 2335 2582 satis

264 2715 268 2718 ι
313 2628 642 2712 explorata
671 2629 1028 2691 accuratius
1056 2626 1495 2712 cognoscenda
1522 2626 1877 2709 meliusque
1906 2625 2335 2711 intellegenda

307 2734 408 2796 vel
463 2734 730 2797 maximi
785 2734 916 2797 sint
974 2733 1301 2797 momenti.
1393 2732 1686 2815 Denique
1749 2735 1825 2795 ut
1889 2731 2014 2794 alia
2075 2731 2332 2794 mittam

311 2862 470 2922 quae
526 2840 692 2903 scitu
750 2840 943 2925 digna
997 2840 1217 2903 insunt
1270 2840 1448 2903 velut
1501 2837 1777 2903 Zenonis
1835 2836 2135 2901 Citiensis
2195 2859 2331 2901 sen-

309 2947 509 3011 tentia
556 2947 762 3010 adhuc
806 2946 1123 3032 neglecta,
1167 2946 1383 3010 nescio
1442 2968 1524 3009 an
1578 2967 1651 3009 eo
1710 2945 1961 3009 abunde
2017 2965 2332 3007 commen-

312 3052 494 3117 detur
537 3053 796 3117 libellus
804 3104 822 3138 7
869 3052 1042 3136 quod
1088 3052 1308 3136 quales
1362 3056 1503 3115 tum
1549 3075 1695 3116 cum
1750 3053 2027 3136 scriptus
2059 3053 2179 3113 'est
2232 3071 2333 3112 res

312 3156 820 3236 Christianorum
856 3157 1029 3221 visae
1075 3157 1206 3220 sint
1250 3156 1474 3219 multis
1521 3160 1691 3219 certe
1729 3160 2019 3220 veterum
2067 3155 2332 3218 deorum

309 3264 664 3329 cultoribus
711 3264 877 3327 clare
924 3263 1375 3346 evidenterque
1423 3263 1718 3326 ostendit.
1812 3262 2017 3338 Quam
2065 3260 2147 3325 ob
2194 3284 2331 3324 rem

314 3369 514 3435 denuo
564 3393 711 3434 eum
748 3369 929 3433 edere
977 3372 1168 3453 atque
1205 3368 1336 3431 iam
1383 3367 1461 3430 ad
1499 3367 1830 3449 archetypi
1867 3366 2103 3429 codicis
2139 3365 2331 3429 fidem

307 3469 631 3543 recensere
679 3499 907 3561 operae
952 3475 1233 3560 pretium
1280 3495 1415 3537 esse
1463 3472 1632 3535 duxi.

1028 3631 1492 3724 576150
1561 3555 1711 3747 [gf.

1937 3572 2007 3623 a*
