2484 3800
1110 103 1515 155 PRAEFATIO
2149 102 2334 159 XXIII

438 263 648 331 Nemo
706 266 876 335 enim
934 264 1139 329 nescit
1190 262 1560 349 saepissime
1605 264 1790 328 libris
1835 287 2028 329 manu
2073 265 2331 351 scriptis

304 376 372 437 et
416 372 687 458 praefigi
742 374 808 436 et
850 371 1117 435 subtexi·
1158 372 1466 456 carmina,
1522 371 1713 455 idque
1759 371 1953 435 variis
2000 371 2076 435 de
2123 373 2330 437 causis

304 480 550 543 factum
596 499 731 542 esse
777 482 1273 542 consentaneum
1320 481 1431 541 est.
1504 476 1599 542 Ut
1641 478 2150 569 praetermittam
2196 501 2331 543 ver-

302 607 417 650 sus
481 589 594 650 aut
647 608 684 649 a
738 585 1019 649 librariis
1083 588 1196 649 aut
1250 607 1287 648 a
1344 584 1816 669 possessoribus
1881 585 2078 649 animi
2143 606 2332 650 causa

306 693 484 756 fusos
537 696 614 755 ut
667 692 748 756 ab
802 691 925 756 hoc
970 691 1112 756 loco
1159 690 1429 777 alienos,
1485 692 1611 755 tria
1654 691 2062 775 potissimum
2105 713 2330 756 eorum

305 821 543 885 genera
579 799 1029 885 distinguenda
1073 802 1242 864 sunt.
1313 796 1449 862 Aut
1493 798 1713 862 laudes
1759 799 2091 862 continent
2136 800 2331 884 scrip-

307 905 470 969 toris
484 900 536 991 ¹)
590 905 772 968 cuius
827 926 1020 989 opera
1073 904 1278 969 codici
1333 905 1553 969 insunt
1599 942 1684 951 —
1731 904 1886 968 talia
1939 905 2130 991 longe
2180 912 2331 971 sunt

306 1011 827 1096 frequentissima
881 1014 944 1074 et
997 1011 1066 1074 in
1120 1009 1513 1096 anthologiis
1569 1031 1823 1095 quoque
1882 1011 2329 1097 similibusque

304 1118 493 1182 libris
538 1119 716 1182 velut
761 1118 930 1202 apud
975 1117 1333 1203 Diogenem
1379 1117 1708 1181 Laertium
1763 1117 2178 1182 inveniuntur
2225 1158 2328 1206 —‚

307 1229 423 1289 aut
477 1225 613 1289 eius
667 1225 748 1288 ad
803 1246 992 1309 quem
1046 1224 1323 1308 scriptor
1335 1221 1388 1310 1)
1434 1224 1635 1288 libros
1689 1246 1839 1288 suos
1893 1224 2071 1289 misit
2083 1223 2162 1312 ²),
2217 1232 2330 1291 aut

307 1332 585 1416 denique
614 1332 750 1395 eius
777 1331 881 1395 cui
909 1331 1109 1395 codex
1136 1331 1272 1415 ipse
1310 1330 1391 1393 ab
1427 1329 1687 1394 homine
1721 1332 1936 1415 aliquo
1974 1330 2261 1397 litterato
2274 1331 2329 1420 3)

459 1544 512 1610 1)
552 1539 850 1610 Scriptoris
885 1540 1112 1594 nomine
1147 1538 1290 1593 mihi
1326 1540 1434 1593 hoc
1469 1539 1595 1593 loco
1624 1539 1679 1593 ei
1714 1555 1935 1608 quoque
1970 1543 2333 1611 comprehen-

309 1629 483 1686 dendi
539 1633 670 1684 sunt
723 1629 821 1698 qui
876 1631 1114 1682 aliorum
1160 1627 1374 1696 scripta
1418 1631 1815 1682 recensuerunt
1859 1631 1919 1683 et
1971 1629 2334 1698 publicarunt

306 1720 399 1791 (cf.
431 1735 479 1774 e.
507 1737 561 1789 g.
589 1722 656 1774 A.
685 1716 999 1772 Eberhardi
1033 1716 1209 1786 praef.
1238 1715 1415 1771 fabul.
1444 1711 1756 1772 romanens.
1785 1734 1968 1786 graec.
1998 1735 2051 1786 p.
2065 1718 2169 1772 V11
2185 1722 2332 1791 sqq.)

307 1811 369 1863 et
387 1806 487 1877 qui
509 1807 595 1861 nil
620 1805 732 1860 nisi
758 1808 1022 1875 excerpta
1049 1806 1483 1874 composuerunt
1506 1804 1598 1875 (cf.
1621 1805 2031 1874 epigrammata
2053 1807 2329 1878 excerptis

306 1895 669 1953 Constantini
711 1893 994 1950 historicis
1046 1897 1105 1949 et
1150 1894 1220 1949 de
1264 1896 1471 1949 natura
1517 1892 1848 1948 animalium
1892 1895 2223 1968 praemissa)
2271 1899 2331 1952 et

307 1986 648 2056 quicumque
687 1983 965 2040 similibus
1014 1983 1218 2038 studiis
1258 1999 1486 2053 operam
1530 1984 1810 2036 navarunt
1856 1983 1947 2054 (cf.
1987 1984 2195 2039 senarii
2230 1984 2330 2038 Ni-

306 2077 468 2130 cetae
514 2081 809 2143 συναγωγῇ
862 2081 960 2142 τῆς
1011 2078 1398 2142 χειρουργικῆς
1448 2068 1646 2141 τέχνης
1701 2069 1910 2125 adiecti
1954 2071 2016 2126 in
2062 2072 2331 2128 Bandinii

307 2163 477 2219 catal.
516 2162 676 2218 codd.
715 2179 797 2231 gr.
836 2159 972 2216 bibl.
1010 2160 1174 2214 Laur.
1205 2160 1284 2213 111
1319 2177 1373 2229 p.
1404 2164 1472 2214 80
1493 2162 1652 2229 sqq.).
1927 2177 1930 2180 “

452 2257 508 2321 2)
543 2251 629 2304 Ex
672 2249 916 2304 maximo
964 2245 1354 2319 eiemplorum-
1385 2265 1622 2302 numero
1669 2248 1779 2320 duo
1815 2249 2067 2304 afferam
2118 2252 2331 2306 saeculi

306 2341 387 2395 IX
425 2343 486 2394 et
518 2338 571 2392 X
605 2336 877 2392 ineuntis:
906 2335 1254 2407 Theognosti
1288 2353 1482 2391 versus
1520 2336 1725 2405 quibus
1760 2338 2008 2402 κανόνας
2041 2339 2215 2394 Leom'
2252 2341 2329 2395 VI

306 2426 567 2498 Sapienti
603 2426 829 2481 dedicat
863 2426 998 2497 [non
1025 2424 1201 2479 Leoni
1228 2424 1280 2478 V
1304 2424 1584 2494 Armenio,
1612 2443 1793 2494 neque
1822 2427 1971 2481 enim
2007 2431 2109 2483 aut
2134 2446 2328 2484 versus

302 2516 396 2571 illi
433 2519 534 2570 aut
561 2532 707 2584 quae
741 2514 1007 2583 leguntur
1044 2512 1293 2568 Cra-meri
1319 2515 1525 2569 Anecd.
1559 2513 1730 2570 Oxon.
1762 2516 1814 2568 ΙΙ
1839 2534 1893 2584 p.
1925 2522 1976 2585 2,
2008 2523 2074 2571 18
2112 2518 2201 2573 σοὶ
2231 2514 2323 2572 ἐπ’

304 2608 457 2678 αὐτῷ
493 2610 569 2676 τῷ
606 2604 777 2658 ἄνθει
811 2611 909 2672 τῆς
956 2601 1214 2671 νεότητος
1259 2605 1318 2656 et
1362 2622 1415 2672 p.
1447 2608 1496 2670 2,
1529 2609 1557 2656 1
1612 2598 1673 2657 ἐν
1725 2603 1867 2658 οὕτω
1913 2613 2089 2680 νεαρᾷ
2136 2609 2328 2683 (νεκρᾷ

308 2694 573 2763 Cramer.)
609 2699 677 2763 τῇ
712 2691 901 2766 ἡλικίᾳ
938 2691 1002 2746 τὸ
1040 2690 1242 2761 κράτος
1280 2690 1462 2760 ἔχοντι
1496 2690 1558 2744 in
1591 2691 1741 2745 hunc
1778 2693 2074 2765 quadrant,
2115 2695 2327 2765 optime

305 2783 591 2852 quadrant
629 2781 691 2834 in
735 2799 909 2834 unum
943 2780 1187 2835 Leonem
1225 2780 1573 2850 Sapientem]
1612 2783 1671 2834 et
1707 2780 1935 2835 Genesii
1979 2782 2329 2853 epigramma

309 2870 654 2940 ‘regnorum’
695 2869 856 2924 libris
897 2870 972 2923 ad
1010 2868 1440 2924 Constantinum
1476 2869 1580 2923 VH
1613 2868 1957 2941 Porphyrog.
1995 2870 2182 2926 missis
2230 2874 2329 2927 ad-

306 2958 507 3013 ditum.

448 3050 502 3118 3)
539 3045 718 3101 Huius
754 3045 976 3117 generis
1013 3046 1124 3100 duo
1170 3049 1303 3100 sunt
1349 3045 1760 3118 epigrammata
1806 3064 1931 3102 eam
1975 3048 2047 3102 ob
2097 3065 2324 3103 causam

304 3139 578 3207 confecta,
617 3138 682 3190 ut
717 3135 1003 3190 codicibus
1039 3134 1216 3189 Leoni
1253 3134 1330 3188 VI
1366 3133 1694 3203 imperatori
1739 3136 2014 3190 donandis
2052 3138 2324 3206 praefige-

302 3229 520 3281 renturz
574 3224 814 3278 alterum
876 3223 1030 3278 Petri
1091 3222 1327 3277 Patricii
1387 3222 1726 3277 Theodoreti
1780 3218 2080 3291 ἕλληνικῶν
2132 3229 2329 3294 παθη-

305 3313 495 3385 μάτων
522 3312 939 3383 θεραπευτικόν
966 3316 1037 3382 (V.
1067 3310 1356 3366 Lambecii
1382 3328 1580 3366 comm.
1603 3311 1705 3365 1V²
1732 3329 1785 3380 p.
1806 3317 1913 3365 400
1935 3313 2055 3381 sq.)‚
2086 3312 2327 3367 alterum

307 3401 553 3457 hominis
588 3400 777 3456 nescio
815 3401 974 3455 cuius
1010 3400 1217 3454 librum
1254 3398 1523 3455 tacticum
1554 3398 1837 3452 offerentis
1873 3402 1946 3468 (v.
1976 3399 2040 3453 R.
2070 3400 2331 3454 Foerster
2415 3443 2440 3470 .=

303 3492 547 3546 Hermae
582 3490 687 3545 ΧΠ
721 3507 774 3559 p.
805 3494 948 3560 462).

3 3719 496 3760 ¹———¹——*---——n
