2484 3800
759 130 955 181 ΠΡΟΣ
992 104 1135 180 ΤᾹΣ
1172 130 1589 181 MAleAlo‘r
1624 131 1868 187 ΔΟΞΑΣ
2240 129 2320 193 13

287 292 525 373 ποσόν,
571 292 801 367 κακίας
846 286 921 354 δὲ
965 289 1075 354 καὶ
1121 290 1357 375 ἀρετῆς
1401 291 1665 376 ἡγεμών
1711 290 1891 356 ἐστιν
1935 290 1975 374 ἡ
2022 295 2322 375 ποιότης·

288 405 500 461 ταῦτα
545 393 620 461 δὲ
666 397 766 461 ὅτι
812 395 922 462 καὶ
969 405 1061 486 τῷ
1105 395 1287 480 γένει
1333 399 1699 484 διώρισται,
1746 404 1954 483 ἴσμεν.

430 506 733 589 Πότερον
779 500 853 569 δὲ
907 507 1118 588 μόνον
1164 504 1199 569 ὁ
1246 505 1407 581 θεὸς
1460 503 1571 570 καὶ
1617 505 1657 588 ἡ
1704 505 1830 588 ὕλη
1879 501 2060 570 ἐστὶν
2105 504 2322 591 ἀρχαί,

290 610 336 692 ἥ
374 632 437 673 τι
476 607 705 694 ἕτερον
750 608 1093 674 ἀπολείπει
1131 609 1166 675 ὃ
1204 610 1463 675 τούτων
1510 608 1691 675 ἐστὶν
1737 610 1811 675 ἐν
1856 610 2059 700 μέσφ;
2106 613 2165 676 εἰ
2201 608 2324 696 μὲν

293 716 424 800 γὰρ
470 714 679 799 μηδέν
725 714 926 800 ἐστιν,
973 717 1211 800 ἄμικτα
1248 726 1452 782 ταῦτα
1488 717 1915 783 ὑπολείπεται
1950 719 2118 804 πρὸς
2156 718 2325 783 αὑτά
2379 742 2403 779 5

293 859 387 867 —
429 827 643 898 καλῶς
688 824 815 908 γάρ
863 820 1119 905 λέγεται
1167 824 1290 906 ὅτι,
1337 824 1450 888 ἵνα
1495 825 1575 888 τά
1621 825 1790 908 ἄκρα
1836 832 2067 910 μιχθῇ,
2114 826 2217 891 δεῖ
2261 848 2324 889 τι

295 922 470 993 εἶναι
517 927 591 993 ἐν
635 927 810 1016 μέσῳ
858 929 1033 1006 ὅπως
1077 939 1284 994 ταῦτα
1323 928 1569 1016 συνδέῃ
1597 950 1715 976 ——·
1763 932 1822 995 εἰ
1868 930 1948 995 δέ
1987 955 2051 995 τι
2098 929 2327 1017 ἕτερον

293 1034 607 1119 ὑπάρχει,
662 1034 915 1119 ἀνάγκη
970 1037 1174 1101 πάλιν
1229 1031 1403 1101 εἶναι
1453 1035 1460 1123 Ι
1509 1035 1550 1121 ἢ
1609 1037 1959 1122 ἀσώματον
2016 1036 2057 1120 ἢ
2120 1049 2325 1121 σῶμα,
2344 1047 2381 1102 f.
2400 1051 2465 1099 18

294 1141 464 1205 ὥστε
508 1141 734 1227 τριττὴ
780 1140 947 1228 ἀρχὴ
997 1141 1365 1218 ἐπεισόδιος
1410 1140 1704 1226 γέγονεν.

435 1249 737 1333 Πότερον
790 1245 864 1314 δὲ
919 1249 1088 1326 ὅλως
1143 1249 1179 1315 ὁ
1233 1251 1395 1326 θεὸς
1447 1247 1557 1314 καὶ
1611 1249 1652 1334 ἡ
1708 1249 1835 1333 ὕλη
1892 1249 2230 1335 ἀσώματα,
2284 1250 2324 1333 ἢ
2356 1276 2406 1316 10

295 1353 373 1418 τὸ
429 1349 552 1437 μὲν
607 1365 793 1439 σῶμα
848 1356 922 1420 τὸ
978 1352 1054 1420 δὲ
1117 1355 1496 1440 ἀσώματον,
1558 1354 1599 1440 ἢ
1655 1358 1852 1441 ἄμφω
1908 1357 2202 1441 σώματα;
2268 1358 2326 1421 εἰ

296 1456 423 1545 μὲν
483 1462 611 1546 γὰρ
677 1459 989 1546 ἀσώματα
1053 1460 1353 1548 ἑκάτερα,
1419 1460 1775 1549 οὐδέτερον
1840 1463 1913 1528 ἐν
1969 1461 2325 1550 οὐδετέρῳ·

294 1567 476 1649 πλὴν
522 1568 580 1632 εἰ
623 1568 711 1652 μὴ
759 1569 848 1644 ὡς
901 1569 1314 1654 γραμματικὴ
1373 1567 1447 1632 ἐν
1491 1579 1668 1654 ψυχῇ
1698 1607 1786 1614 —-
1814 1579 2011 1634 τοῦτο
2060 1566 2135 1634 δὲ
2179 1570 2327 1633 ἄτο-

296 1694 432 1738 πον
478 1671 584 1738 ἐπὶ
628 1680 798 1739 θεοῦ
844 1671 954 1738 καὶ
999 1674 1162 1757 ὕλης
1209 1673 1503 1739 ἐπινοεῖν
1529 1694 1648 1720 -·
1708 1681 1838 1740 εἴτε
1884 1677 1971 1752 ὡς
2019 1675 2092 1740 ἐν
2135 1683 2327 1763 κενῷ,

297 1780 390 1856 ὥς
444 1803 619 1856 τινες
674 1778 987 1862 λέγουσιν
1050 1782 1124 1846 τὸ
1183 1782 1383 1845 κενὸν
1435 1789 1527 1869 τῷ
1581 1779 1780 1846 παντὶ
1830 1783 2329 1868 περικεχύσθαι,
2358 1809 2413 1851 15

297 1887 375 1951 τὸ
433 1883 662 1973 ἕτερον
714 1887 919 1953 πάλιν
973 1887 1460 1973 ἀνυπόστατον,
1523 1887 1718 1954 οὐσία
1772 1890 1898 1975 γὰρ
1954 1897 2075 1954 τοῦ
2131 1898 2329 1955 κενοῦ

296 1995 377 2058 τὸ
415 1992 647 2078 μηδέν·
686 1996 744 2059 εἰ
782 1991 856 2059 δὲ
893 1996 981 2071 ὡς
1018 1998 1495 2080 συμβεβηκότα,
1531 2007 1800 2080 πρῶτον
1835 1993 1959 2080 μὲν
1996 1996 2331 2061 ἀδύνατον

299 2109 521 2183 τοῦτο,
571 2100 800 2177 οὐσίας
837 2102 963 2187 γὰρ
1002 2103 1247 2187 ἄμοιρα
1284 2103 1445 2167 ὄντα
1483 2102 1781 2187 οὐδαμοῦ
1817 2098 1989 2169 εἶναι
2029 2103 2330 2185 δύναται,

301 2209 515 2290 ὄχημα
561 2208 687 2293 γὰρ
735 2208 954 2293 ὥσπερ
1004 2205 1184 2272 ἐστὶν
1228 2207 1774 2294 ὑποβεβλημένον
1819 2220 1958 2287 τοῖς
2006 2212 2331 2294 συμβεβη-

304 2314 497 2377 κόσιν
541 2313 581 2396 ἡ
631 2312 842 2378 οὐσία.
915 2315 975 2378 εἰ
1014 2310 1086 2379 δὲ
1125 2316 1390 2399 σώματα
1429 2314 1720 2402 ἑκάτερα,
1766 2315 2017 2399 ἀνάγκη
2054 2315 2095 2399 ἢ
2134 2318 2330 2400 ἄμφω
2361 2343 2412 2382 20

303 2417 510 2504 βαρέα
555 2413 728 2484 εἶναι
773 2418 814 2503 ἢ
861 2422 1056 2504 ἄμφω
1103 2430 1326 2505 κοῦφα
1370 2421 1411 2506 ἢ
1458 2420 1644 2506 μέσα,
1695 2420 1736 2506 ἢ
1783 2423 1857 2486 τὸ
1905 2419 2027 2507 μὲν
2071 2424 2243 2508 βαρὺ
2289 2420 2330 2506 ἢ

303 2525 378 2589 τὸ
428 2522 500 2591 δὲ
545 2535 806 2610 κοῦφον
841 2525 882 2610 ἢ
920 2528 993 2591 τὸ
1033 2523 1108 2591 δὲ
1143 2526 1364 2612 μέσον.
1438 2534 1568 2595 εἴτε
1616 2524 1741 2593 οὖν
1789 2527 2059 2614 ἑκάτερα
2105 2527 2331 2615 βαρέα,

305 2634 433 2697 σὺν
475 2634 650 2718 πάσῃ
699 2632 870 2697 οὕτω
918 2657 993 2715 γε
1039 2633 1292 2717 ἀνάγκη
1340 2628 1542 2718 εἶναι,
1598 2636 1677 2698 τὰ
1734 2631 1809 2699 δὲ
1853 2634 2023 2700 αὐτὰ
2068 2633 2178 2700 καὶ
2226 2634 2331 2699 ἐπὶ

450 2796 481 2843 6
519 2789 590 2843 cf.
627 2789 792 2843 Plato
830 2789 971 2845 Tim.
1001 2789 1103 2844 311)
1139 2790 1242 2845 δύο
1295 2791 1357 2846 δὲ
1405 2789 1557 2861 μόνω
1595 2795 1776 2854 καλῶς
1813 2792 2185 2857 ξυνίστασθαι
2220 2788 2331 2860 τρί-

306 2880 407 2915 του
452 2860 618 2930 χωρὶς
663 2862 728 2915 οὐ
777 2860 1047 2916 δυνατόν·
1104 2862 1310 2932 δεσμὸν
1353 2861 1460 2932 γὰρ
1509 2858 1571 2917 ἐν
1617 2861 1762 2935 μέσῳ
1810 2865 1907 2918 δεῖ
1941 2883 2070 2917 τινα
2117 2864 2332 2933 ἀμφοῖν

306 2932 656 3057 ξὲἧαῖοἰόνὸῶ.
685 2934 984 3002 γίγνεσθαι
1200 2938 1266 2987 15
1322 2953 1493 2997 τινεςε
1551 2934 1753 3004 Stoici,
1813 2935 1882 2990 cf.
1928 2935 2112 2988 Laert.
2168 2934 2330 3002 Diog.

451 3149 483 3197 3
521 3144 559 3200 f.
600 3143 741 3198 εἰσὶν
933 3150 964 3198 5
1001 3145 1040 3199 f.
1080 3142 1443 3200 ἀπολείπεται
1622 3146 1767 3201 αὐτά
1803 3146 1887 3202 M:
1927 3162 2063 3202 corr,
2102 3146 2146 3199 P

313 3221 382 3270 14
416 3215 456 3271 f.
497 3213 551 3269 εἰ
594 3214 656 3270 δὲ
838 3220 905 3268 20
954 3217 1062 3270 εἴτε
1117 3217 1177 3269 Μ
1333 3223 1397 3270 21
1439 3215 1822 3286 expectaveris
1878 3216 1994 3270 tale
2050 3214 2084 3284 ἢ
2131 3216 2193 3271 τὸ
2231 3217 2332 3286 μὲν

312 3288 458 3360 βαρὺ
496 3287 558 3340 τὸ
596 3285 661 3341 δὲ
698 3294 918 3355 κοῦφον
955 3284 990 3354 ἢ
1029 3284 1257 3359 <μέσον,
1295 3285 1330 3356 ἢ
1367 3288 1430 3342 τὸ
1468 3288 1570 3358 μὲν
1608 3289 1750 3361 βαρὺ
1789 3284 1823 3354 ἢ
1861 3289 2123 3360 κοῦφον)
2157 3288 2219 3341 τὸ
2270 3287 2333 3342 δὲ

307 3355 494 3427 μέσον.
695 3362 762 3411 23
820 3358 922 3411 σὺν
976 3358 1127 3426 πάση
1183 3358 1269 3411 M:
1327 3358 1683 3413 scribendum
1743 3360 1880 3428 puto
1947 3366 2171 3427 συναφῆ
2238 3362 2336 3428 (an

309 3436 570 3499 συμπαγῆ
581 3431 627 3498 ‘?)
684 3427 1008 3497 oppositum
1065 3426 1474 3501 κεχωρισμένον
1531 3435 1614 3499 14,
1654 3435 1685 3484 2
1744 3428 1891 3483 sicut
1945 3437 2221 3499 συνῆπται
2277 3434 2335 3484 et

308 3501 474 3571 χωρίς
512 3499 661 3554 ἐστιν
698 3503 784 3569 38,
815 3504 899 3555 11.
938 3504 1211 3569 συμπαθῆ
1252 3499 1393 3555 coni.
1431 3500 1645 3555 Usener
