2484 3800
202 108 287 172 32
671 108 1164 168 ΑΛΕΞΑΝΔΡΟΤ
1200 108 1753 162 ΛΤΚΟΠΟΛῙΤΟΤ

198 267 364 355 μηδὲ
400 282 536 335 τῶν
573 271 910 355 μειώσεων
947 270 1118 336 οὕτω
1156 276 1522 354 τηρεῖσθαι.
1595 266 1817 333 XXIII
1862 268 1944 334 οὐ
1988 267 2233 355 παρέρ-

199 400 332 459 γως
396 373 470 441 δὲ
534 374 691 442 οὐδὲ
755 386 952 442 τοῦτο
1016 376 1458 463 προσακτέον,
1522 376 1627 441 ὅτι
1672 376 1733 441 εἰ
1777 371 1900 458 μὲν
1959 376 2231 460 ἄπειρός

202 483 382 549 ε’στιν
424 483 465 567 ἡ
515 481 1035 568 ἐναπειλημμένη
1082 492 1160 569 τῇ
1205 482 1334 569 ὕλῃ
1381 484 1664 567 δύναμις
1706 485 1894 567 θεία,
1943 483 2109 568 πρὸς
2153 483 2229 547 τὸ

22 598 181 654 f.190
200 597 557 674 μειοῦσθαι
607 589 817 674 αὐτὴν
863 587 1065 655 οὐδὲν
1110 590 1391 655 δύναται
1439 589 1479 655 ἃ
1526 586 2230 677 διαπραγμαζτεύονται

146 724 171 763 5
200 698 386 780 ἥλιος
429 694 540 761 καὶ
588 700 829 781 σελήνη
857 735 946 743 —-—
973 698 1047 762 τὸ
1093 698 1223 783 γὰρ
1271 699 1666 780 λειπόμενον
1700 698 1906 762 πάλιν
1950 697 2231 780 ἄπειρον

201 802 328 867 ἀπὸ
374 802 876 890 πεπερασμένου
930 812 1050 869 τοῦ
1104 801 1512 887 ληφθέντος·
1568 805 1627 868 εἰ
1680 801 1762 868 δέ
1812 803 1993 868 ἐστιν
2034 823 2234 868 πεπε-

201 908 524 995 ρασμένη,
580 920 749 997 χρῆν
794 917 1115 993 αἴσθησιν
1159 908 1477 992 γενέσθαι
1531 908 1604 974 ἐν
1646 909 1941 997 τοσούτῳ
1988 912 2230 996 χρόνῳ,

199 1018 412 1082 πόσον
479 1014 639 1083 ποτὲ
710 1025 825 1100 τῆς
898 1017 1243 1101 δυνάμεως
1314 1016 1555 1099 ταύτης
1630 1015 1700 1080 ἐκ
1773 1025 1893 1080 τοῦ
1973 1019 2231 1100 κόσμου

202 1123 522 1209 ἐμειώθη·
569 1124 737 1191 ἀλλά
780 1124 997 1189 πάντα
1043 1123 1288 1208 ὁμοίως
1334 1121 1531 1207 μένει.

120 1258 173 1298 10
342 1235 540 1307 Τίνας
599 1227 673 1295 δὲ
731 1232 996 1316 μύθους
1062 1230 1183 1316 οὐχ
1247 1230 1697 1317 ὑπερβέβηκεν
1759 1239 1851 1319 τῷ
1912 1230 2229 1318 ἀπιθάνῳ

199 1335 309 1402 καὶ
353 1347 580 1421 ταῦτα,
627 1339 735 1403 ὅτε
779 1339 943 1403 κατὰ
987 1337 1111 1420 τὴν
1147 1337 1481 1421 ὀφθεῖσαν
1518 1336 1593 1401 έν
1635 1337 1802 1425 ἡλίῳ
1848 1338 2071 1402 εἰκόνα
2111 1346 2229 1420 τῆς

199 1443 364 1526 ὕλης
417 1444 537 1508 τὸν
592 1445 958 1530 ἄνθρωπον
1003 1444 1468 1529 δημιούργημα
1514 1438 1687 1508 εἶναι
1742 1442 2054 1526 λέγωσιν;
2116 1443 2227 1509 καὶ

200 1552 326 1635 γάρ
365 1552 614 1626 εἰκόνες
649 1551 892 1615 εἴδωλά
928 1551 1101 1615 εἰσιν
1135 1560 1272 1614 τῶν
1307 1549 1718 1636 ἀρχετύπων·
1765 1551 1824 1614 εἰ
1861 1548 1921 1614 δ’
1960 1549 2033 1614 ἐν
2059 1550 2226 1639 ἡλίῳ

201 1658 323 1740 τὴν
377 1658 603 1722 εἰκόνα
655 1659 1196 1740 καταλείπουσιν,
1251 1666 1383 1722 ποῦ
1433 1658 1507 1721 τὸ
1562 1657 2008 1743 παράδειγμα,
2061 1659 2229 1743 πρὸς

122 1789 173 1829 15
203 1763 363 1849 ὅπερ
407 1763 448 1847 ἡ
497 1765 694 1829 εἰκὼν
739 1763 964 1840 αὐτοῖς
1009 1762 1530 1843 ἀναπέπλασται;
1586 1763 1666 1828 οὐ
1718 1765 1845 1850 γάρ
1893 1764 1975 1847 δὴ
2022 1764 2230 1829 αὐτόν

201 1893 275 1953 γε
312 1860 432 1936 τὸν
469 1873 834 1958 ἄνθρωπον
870 1874 1204 1955 φήσουσιν
1239 1872 1359 1937 τὸν
1386 1873 1595 1948 ὄντως
1631 1872 1998 1958 ἄνθρωπον
2035 1866 2228 1956 εἶναι,

203 1974 362 2042 οὐδὲ
407 1978 530 2061 τὴν
575 1979 866 2063 δύναμιν
910 1980 1033 2062 τὴν
1078 1982 1279 2044 θείαν
1304 2017 1392 2025 -
1429 1980 1677 2062 ταύτην
1720 1975 1844 2062 μὲν
1888 1980 2015 2064 γὰρ
2060 1979 2229 2063 πρὸς

201 2084 324 2167 τὴν
368 2084 540 2167 ὕλην
575 2086 998 2170 μιγνύουσιν,
1047 2085 1120 2151 ἐν
1155 2085 1322 2173 ἡλίῳ
1361 2082 1435 2150 δὲ
1469 2087 1593 2169 τὴν
1630 2088 1853 2151 εἰκόνα
1891 2084 2230 2171 ἑωρᾶσθαι

202 2189 544 2275 λέγουσιν,
600 2190 674 2269 ὃς
730 2191 988 2275 ἐγένετο
1043 2191 1191 2257 κατ’
1238 2192 1482 2268 αὐτοὺς
1534 2192 1663 2257 ἀπὸ
1718 2200 1833 2275 τῆς
1885 2194 2051 2279 πρὸς
2105 2193 2230 2275 τὴν

124 2325 176 2366 20
202 2297 373 2382 ὕλην
407 2298 690 2385 ὕστερον
726 2301 1115 2386 διακρίσεως
1142 2338 1250 2382 -,
1297 2296 1438 2364 ἀλλ’
1477 2295 1635 2364 οὐδὲ
1679 2299 1803 2382 τὴν
1843 2300 2232 2385 δημιουργι-

202 2405 327 2488 κὴν
373 2407 592 2470 αἰτίαν
634 2444 723 2462 -.-
758 2407 1005 2489 ταύτην
1050 2408 1176 2491 γάρ
1226 2404 1333 2470 ἐπὶ
1379 2408 1670 2492 σωτηρίᾳ
1714 2413 1830 2488 τῆς
1872 2409 2065 2481 θείας
2111 2407 2231 2470 δυ-

203 2512 459 2596 νάμεως
484 2511 1034 2597 καταπεπέμφθαι
1064 2515 1293 2596 φασίν,
1312 2510 1421 2576 καὶ
1448 2513 1577 2598 πρὸ
1605 2511 1801 2595 ἡλίου
1819 2511 1958 2576 κατ’
1986 2512 2232 2589 αὐτοὺς

201 2619 463 2695 πάντως
518 2642 594 2701 γε
647 2619 895 2702 ταύτην
951 2618 1253 2702 τακτέον,
1302 2617 1652 2704 ἐπειδήπερ
1698 2617 2068 2703 ἀφιγμένης
2114 2618 2235 2683 αὐ-

202 2733 318 2807 τῆς
362 2726 482 2789 τὸν
517 2726 710 2808 ἥλιον
745 2724 855 2790 καὶ
892 2727 1016 2809 τὴν
1053 2729 1339 2809 σελήνην
1383 2733 1498 2807 τῆς
1541 2723 1705 2808 ὕλης
1750 2723 2236 2811 ἀποκεκρίσθαι

19 2860 50 2899 ).
66 2847 132 2896 18
146 2841 185 2896 C
206 2830 638 2916 συμβέβηκεν,
672 2831 745 2909 ἐν
762 2832 927 2921 ἡλίῳ
957 2830 1172 2915 δὲτὴν
1190 2834 1415 2897 εἰκόνα
1436 2829 1771 2918 ἑωρᾶσθαι
1791 2829 2121 2914 λέγουσιν.
2142 2870 2234 2877 ——

205 2938 593 3021 ξπεποίηκεν
629 2935 703 3003 δὲ
740 2938 780 3022 ἡ
817 2938 975 3022 ὕλη’
1007 2937 1215 3023 φασὶν
1254 2939 1404 3003 ρτὸν
1440 2937 1845 3025 ἄνθρωπονέ
1894 2941 2026 3003 τίνι
2071 2935 2234 3004 ποτὲ

349 3210 380 3259 2
418 3205 594 3277 τούτῳ
630 3205 714 3259 M:
751 3212 914 3258 τοῦτο
953 3202 1153 3271 scripsi
1274 3199 1647 3272 προσακτέονε
1687 3202 1754 3257 cf.
1790 3201 2003 3271 ‘Angli’
2038 3203 2233 3257 adnot.

209 3277 282 3329 ad
322 3275 544 3345 Origen.
584 3276 654 3329 de
692 3274 946 3330 oratione
985 3292 1030 3329 e.
1053 3279 1121 3328 29
1149 3292 1202 3344 p.
1224 3280 1331 3328 254
1367 3273 1774 3344 Lommatzsch‚
1812 3271 2150 3344 προσεκτέον
2188 3274 2232 3328 Ο

350 3354 381 3399 6
421 3344 961 3417 ἀποπεπερασμένου
991 3345 1074 3399 M:
1115 3362 1252 3399 corr.
1283 3344 1349 3415 ῦς
1390 3362 1464 3399 an
1489 3346 1602 3399 ἀπὸ
1633 3344 1977 3417 <ἀπείρου>,
2013 3364 2070 3400 π.
2088 3365 2133 3399 τ.
2147 3349 2232 3399 λλ)

354 3421 420 3470 10
458 3418 677 3486 θυμοὺς
714 3418 796 3473 M:
836 3417 1056 3499 μύθους
1093 3417 1308 3472 correxi
1508 3421 1572 3470 11
1612 3413 1728 3473 ὅτει
1769 3415 1930 3471 scrib.
1972 3415 2126 3483 ὅταν,
2164 3418 2235 3471 ut

212 3485 411 3538 ceteris
448 3486 705 3540 omnibus
742 3488 881 3542 locis
