2484 3800
164 120 248 182 14
629 120 1122 181 ΑΛΕΞΑΝΔΡΟΤ
1157 120 1709 174 ΑΤΚΟΠΟΑΙΤΟΤ

158 292 293 347 τῶν
337 283 614 367 κούφων
657 280 768 348 καὶ
820 280 927 348 ἐπὶ
982 294 1117 348 τῶν
1159 281 1407 367 μέσων·
1463 289 1593 349 εἴτε
1645 285 2189 371 παραλλάττοιτο,

157 390 231 452 τὸ
306 386 534 475 ἕτερον
603 391 868 466 παντως
941 399 1061 454 τοῦ
1137 388 1365 475 ἑτέρου
1438 392 1620 455 ἔσται
1683 391 2187 478 κεχωρισμένον.

159 496 356 573 ἄλλος
402 497 529 582 γὰρ
574 505 666 584 τῷ
711 500 901 582 βαρεῖ
945 493 1056 561 καὶ
1099 498 1300 573 ἄλλος
1334 504 1426 584 τῷ
1460 495 1636 586 μέσῳ
1679 496 1789 562 καὶ
1827 505 1918 586 τῷ
1952 498 2184 585 κούφῳ

156 604 384 686 τόπος,
440 611 532 691 τῷ
585 599 709 687 μὲν
752 604 881 689 γὰρ
935 605 1009 668 τὸ
1067 604 1205 668 ἄνω
1252 611 1343 692 τῷ
1389 599 1465 668 δὲ
1509 604 1583 668 τὸ
1630 604 1804 669 κάτω
1851 612 1943 693 τῷ
1988 601 2063 668 δὲ
2108 605 2182 668 τὸ

104 728 128 767 5
155 706 376 793 μέσον.
447 710 695 786 παντὸς
740 705 816 774 δὲ
861 711 1335 796 σφαιροειδοῦς
1389 710 1463 775 τὸ
1509 711 1682 775 κάτω
1731 709 1936 795 μέσον
1983 710 2183 794 ἐστίν,

156 814 285 880 ἀπὸ
331 816 458 901 γὰρ
511 815 718 882 αὐτοῦ
772 817 938 902 πρὸς
991 826 1126 881 πᾶν
1170 817 1243 881 τὸ
1291 814 1623 903 μετέωρον
1668 818 1821 903 ἄχρι
1875 825 1989 900 τῆς
2044 819 2181 881 ἅνω

155 920 542 1005 ἐπιφανείας
576 920 919 989 πάντοθέν
956 921 1137 988 ε’στιν
1172 922 1212 1007 ἡ
1252 921 1611 1000 ἀπόστασις
1649 929 1786 1006 ἴση·
1823 922 1932 988 καὶ
1970 925 2183 989 πάντα

153 1028 357 1092 πάλιν
400 1030 481 1093 τὰ
526 1028 731 1115 βαρέα
774 1031 1198 1114 πανταχόθεν
1241 1028 1512 1116 φέρεται
1550 1028 1647 1095 ἐπ’
1688 1029 1881 1094 αὐτά·
1928 1031 2034 1095 διὸ
2072 1027 2182 1094 καὶ

155 1133 436 1216 γέλωτός
491 1160 604 1220 μοι
652 1134 944 1219 ἐπῆλθεν
989 1136 1350 1201 ἀκούσαντι
1406 1136 1508 1201 ὅτι
1562 1134 1920 1221 κινουμένη
1965 1136 2006 1219 ἡ
2053 1135 2180 1220 ὕλη

76 1262 127 1300 10
154 1239 444 1318 ἀτάκτως
470 1281 558 1287 -
587 1251 784 1308 τοῦτο
830 1244 957 1328 γὰρ
1004 1242 1169 1329 αὐτῇ
1215 1244 1379 1308 κατὰ
1417 1244 1628 1327 φύσιν
1655 1282 1744 1289 --
1772 1245 1866 1319 εἰς
1900 1243 2024 1326 τὴν
2058 1252 2179 1307 τοῦ

11 1352 135 1408 ..90
154 1354 324 1412 θεοῦ
387 1347 660 1432 ἀφίκετο
723 1350 975 1434 χώραν,
1038 1350 1080 1432 ἥ
1137 1348 1275 1414 ἐστι
1339 1360 1481 1434 φῶς
1539 1347 1649 1414 καὶ
1710 1350 2013 1435 λαμπρὸν
2070 1348 2179 1414 καὶ

150 1455 365 1519 πάντα
417 1457 497 1520 τὰ
551 1466 840 1522 τοιαῦτα.
928 1458 987 1521 εἰ
1032 1452 1107 1520 δὲ
1152 1456 1226 1521 τὸ
1272 1452 1396 1540 μὲν
1442 1466 1628 1540 σῶμα
1677 1457 1751 1521 τὸ
1801 1453 1875 1521 δὲ
1920 1455 2180 1540 ἀσώμα-

151 1584 299 1644 τον,
352 1572 619 1647 πρῶτον
667 1558 791 1647 μὲν
835 1562 872 1627 ὅ
921 1560 1101 1627 ἐστιν
1148 1573 1334 1647 σῶμα
1388 1565 1600 1647 μόνον
1644 1564 1917 1644 κινητόν
1964 1560 2145 1626 ἐστιν
2164 1580 2179 1596 ·

150 1669 372 1732 ἔπειτα
427 1664 502 1733 δὲ
557 1670 615 1734 εἰ
669 1665 791 1753 μὲν
846 1669 1083 1753 ἄμικτά
1139 1668 1350 1752 ἐστιν,
1404 1667 1607 1754 χωρὶς
1662 1666 1973 1754 ἑκάτερον
2015 1669 2179 1732 κατὰ

72 1798 122 1837 15
150 1774 274 1857 τὴν
318 1776 569 1840 οἰκείαν
614 1776 844 1860 φύσιν,
891 1777 949 1840 εἰ
994 1771 1070 1840 δὲ
1109 1773 1413 1860 μέμικται
1447 1776 1521 1840 τὸ
1559 1773 1789 1860 ἕτερον
1824 1782 1915 1861 τῷ
1954 1772 2172 1862 ἑτέρῳ,

148 1879 189 1965 ἢ
226 1882 402 1966 ψυχὴ
441 1880 481 1966 ἢ
519 1891 680 1960 νοῦς
723 1881 764 1967 ἢ
813 1883 1223 1968 συμβεβηκὸς
1269 1881 1355 1947 ἂν
1395 1889 1523 1967 εἴη·
1570 1881 1743 1948 οὕτω
1790 1882 1916 1966 γὰρ
1962 1883 2178 1966 μόνον

149 1990 229 2052 τὰ
275 1988 585 2073 ἀσώματα
630 2001 769 2067 τοῖς
816 1991 1071 2074 σώμασι
1114 1989 1390 2075 πάρεστι
1434 1992 1824 2074 μίγνυσθαι.

11 2106 129 2155 283*
280 2092 376 2157 IX
436 2092 653 2184 ἈλΙλὰ
709 2107 849 2173 πῶς
909 2095 1161 2181 ἠνέχθη
1219 2098 1313 2173 εἰς
1375 2096 1497 2179 τὴν
1550 2105 1671 2160 τοῦ
1724 2102 1894 2161 θεοῦ
1948 2096 2175 2181 χώραν

149 2199 188 2283 ἢ
237 2199 308 2265 ἐκ
353 2205 547 2279 ποίας
592 2204 832 2283 αἱτίας;
876 2205 1040 2268 κατὰ
1086 2204 1296 2290 φύσιν
1330 2198 1454 2287 μὲν
1490 2204 1617 2287 γὰρ
1664 2202 1829 2287 αὐτῇ
1875 2202 1949 2266 τὸ
1997 2203 2171 2266 κάτω

70 2330 122 2369 20
147 2305 258 2372 καὶ
303 2310 377 2373 τὸ
426 2312 685 2393 σκότος,
742 2312 830 2386 ὥς
874 2327 1111 2394 φασιν,
1154 2310 1335 2395 παρὰ
1381 2309 1591 2393 φύσιν
1635 2304 1708 2373 δὲ
1754 2309 1828 2372 τὸ
1875 2309 2012 2373 ἅνω
2060 2306 2171 2372 καὶ

147 2415 222 2479 τὸ
269 2425 436 2499 φῶς·
489 2416 655 2481 ὥστε
698 2417 876 2501 παρὰ
923 2415 1134 2500 φύσιν
1176 2418 1324 2480 τότε
1368 2414 1644 2498 γέγονεν
1690 2414 1853 2501 αὐτῇ
1900 2414 1939 2498 ἡ
1986 2418 2171 2498 κίνη-

148 2537 251 2596 σις
313 2519 423 2585 καὶ
486 2525 795 2588 τοιοῦτόν
848 2545 911 2586 τι
965 2519 1336 2605 πέπονθεν,
1399 2513 1549 2587 οἷον
1602 2523 1661 2587 εἰ
1716 2524 1920 2586 λίθον
1973 2544 2073 2597 τις
2125 2519 2166 2604 ἢ

147 2630 368 2711 βῶλον
430 2637 551 2713 γῆς
614 2632 708 2706 εἰς
769 2630 844 2695 τὸ
909 2631 1047 2694 ἄνω
1114 2628 1395 2714 ῥίψειεν·
1469 2630 1576 2694 διὸ
1646 2629 1728 2711 δὴ
1794 2628 2025 2710 ὀλίγον
2088 2628 2171 2692 τὰ

147 2743 419 2798 τοιαῦτα
444 2773 532 2779 -
559 2734 1016 2819 κουφισθέντα
1057 2735 1188 2800 ὑπὸ
1234 2742 1351 2817 τῆς
1387 2743 1507 2799 τοῦ
1544 2733 1861 2819 ῥίψαντος
1904 2732 2054 2817 βίας
2079 2771 2169 2779 -—-

68 2862 118 2902 25
146 2838 438 2927 μετέωρα
490 2842 809 2924 γεγονότα
863 2842 957 2917 εἰς
1014 2842 1133 2905 τὸν
1188 2839 1395 2905 αὐτὸν
1456 2839 1889 2926 καταφέρεται
1944 2841 2167 2905 τόπον.

145 2948 268 3030 τὴν
314 2941 439 3011 οὖν
483 2946 655 3030 ὕλην
699 2950 798 3023 τίς
852 2945 1207 3031 ἐκούφισεν
1261 2948 1356 3022 εἰς
1408 2945 1527 3011 τὸν
1580 2947 1717 3011 ἄνω
1773 2948 2006 3027 τόπον;
2068 2944 2159 3011 δι’

289 3217 321 3264 3
361 3209 523 3283 βάρει
557 3210 617 3263 Μ
734 3215 766 3264 8
805 3208 895 3264 ἐπ’
939 3209 1107 3266 αὐτάς
1144 3210 1181 3264 i.
1221 3209 1318 3299 ἐφ’
1362 3209 1507 3265 αὑτα
1543 3209 1632 3281 (cf.
1664 3226 1771 3279 e.g
1773 3209 1984 3266 ‚Plato
2021 3209 2164 3265 Tim.

146 3286 246 3334 81⁸
280 3282 342 3336 τὸ
381 3233 640 3352 ξυγγενὲς
674 3289 791 3336 πᾶν
830 3278 1064 3350 φέρεται
1097 3282 1237 3349 πρὸς
1275 3276 1486 3351 ἑαυτό),
1526 3280 1677 3349 quod
1724 3227 1968 3335 ΐεότῦαεειθ
2002 3280 2165 3335 resti-

145 3352 416 3404 tuendum
592 3357 624 3405 9
661 3350 918 3421 γέλωτοςε
967 3351 1178 3406 excidit
1213 3353 1361 3407 unde
1396 3351 1669 3421 penderet
1704 3351 2014 3422 genetivus,
2052 3351 2165 3405 nisi

146 3419 314 3489 γέλως
353 3421 708 3475 scribendum
852 3427 918 3475 18
956 3421 1077 3477 ἀλλ’
1122 3423 1270 3486 ὅπως
1304 3424 1364 3476 Μ
1506 3428 1572 3476 21
1612 3422 1685 3485 ως
1721 3442 1782 3493 γε
1818 3424 1975 3494 παρὰ
2013 3443 2074 3492 φ.
2104 3423 2164 3476 Μ

291 3494 356 3541 22
397 3489 517 3543 οἷον
554 3490 590 3558 ἠ
627 3492 711 3547 Μ.
750 3509 888 3548 con.
927 3492 968 3547 C

78 3677 183 3686 ...ι-.-

11 3713 287 3763 !—k
