2484 3800
1040 161 1441 213 PRAEFATIO
2082 157 2261 211 XXXI

232 319 648 385 nich'aeorum
687 319 1082 385 adversarios
1110 325 1560 406 enumerasset,
1597 321 1666 385 in
1691 321 1900 405 primo
1931 320 2007 384 de
2036 343 2258 385 eorum

233 427 426 491 rebus
472 431 538 491 et
584 427 997 512 opinionibus
1050 428 1219 492 libro
1234 425 1288 514 ¹)
1342 432 1597 511 praeter
1640 428 1826 492 illum
1881 427 2259 512 amplissimi

233 533 356 598 XX
402 534 717 599 librorum
764 536 974 620 operis
1020 535 1417 599 conditorem
1463 536 1634 599 solos
1671 538 2127 599 commemorat
2156 533 2260 598 Ti-

230 645 372 704 tum
410 641 824 727 Bostrenum,
864 640 1276 726 Serapionem
1304 641 1784 727 Thmuitanum,
1819 639 2257 705 Alexandrum

229 747 768 831 Lycopolitanum
784 746 865 836 2),
929 749 1103 832 ipsos
1161 749 1498 832 utriusque
1563 747 1849 833 syllegae
1913 748 2256 831 scriptores

228 854 601 938 potissimos
610 906 628 940 ‚
683 855 876 939 idque
930 855 1023 918 ita
1076 858 1151 918 ut
1203 877 1398 919 manu
1455 877 1602 918 eum
1656 875 1939 918 versasse
1992 855 2254 918 illorum

230 982 426 1044 opera
462 961 695 1025 credas.
764 961 1073 1026 Photium
1118 983 1270 1026 vero
1318 984 1393 1025 ea
1438 962 1765 1045 scripsisse
1810 961 2087 1025 vidimus
2123 983 2255 1025 non

226 1067 436 1130 multo
494 1072 640 1132 ante
699 1089 937 1131 annum
984 1070 1141 1154 867,
1197 1090 1429 1152 corpus
1482 1068 1645 1132 illud
1688 1067 1929 1131 Basilio
1984 1067 2253 1150 impera-

226 1173 357 1237 tori
405 1174 713 1239 traditum
760 1179 858 1239 est
900 1197 1034 1238 non
1078 1175 1286 1238 multo
1323 1178 1471 1259 post
1506 1173 1678 1243 hunc
1716 1195 1969 1237 annum.
2038 1172 2252 1236 Facile

224 1280 433 1366 igitur
479 1281 797 1365 quispiam
844 1282 914 1345 in
960 1303 1098 1345 eam
1146 1281 1498 1345 adducatur
1543 1281 1912 1366 opinionem
1957 1285 2032 1344 ut
2066 1302 2147 1344 ne
2185 1280 2253 1343 id

227 1386 488 1470 quidem
544 1387 679 1450 sine
733 1387 971 1452 Photio
1027 1392 1181 1452 tunc
1247 1388 1431 1452 exule
1490 1387 1732 1451 factum
1787 1409 1921 1451 esse
1982 1390 2168 1470 putet
2180 1383 2251 1472 3),

225 1515 375 1556 cum
421 1494 798 1577 praesertim
847 1494 1095 1578 primus
1141 1498 1205 1558 et
1250 1495 1478 1558 unicus
1522 1492 1873 1558 Alexandri
1928 1493 2111 1556 testis
2166 1494 2252 1556 sit

224 1603 290 1663 et
336 1598 774 1664 Christianum
821 1623 967 1665 eum
1012 1602 1208 1665 fuisse
1256 1601 1615 1685 contendat,
1661 1601 1828 1664 sicut
1873 1600 2066 1664 etiam
2114 1599 2250 1663 eius

222 1706 393 1770 libro
449 1707 520 1770 in
573 1707 789 1772 codice
843 1708 1069 1772 Basilii
1123 1708 1505 1791 inscriptum
1558 1707 1799 1793 legitur
1847 1704 1936 1770 Ἀ.
1985 1709 2063 1770 Λ.
2111 1705 2248 1770 ἐπι-

223 1812 630 1899 στρέψαντος
670 1812 734 1892 ἐξ
775 1813 997 1879 ἐθνῶν
1017 1852 1101 1860 -
1124 1836 1286 1898 quae
1323 1813 1519 1878 verba
1555 1836 1694 1877 eam
1731 1814 1936 1896 ipsam
1975 1812 2059 1876 ob
2106 1834 2248 1876 cau-

220 1942 359 1984 sam
415 1920 663 1984 adiecta
716 1943 851 1985 esse
905 1921 1278 2007 conieceris,
1331 1944 1413 1986 ne
1460 1922 1808 1986 offenderet
1856 1921 2092 2007 pagani
2136 1919 2248 1984 ho·

220 2027 416 2090 minis
489 2027 654 2092 liber
726 2049 873 2091 cum
940 2027 1321 2092 Christianis
1394 2028 1786 2092 coniunctus.
1895 2025 2020 2091 Sed
2091 2026 2247 2091 haec

219 2132 500 2218 lubrica,
548 2156 859 2218 perquam
907 2138 1121 2199 autem
1165 2133 1502 2220 probabile
1549 2135 1778 2218 opinor
1824 2137 1919 2197 est
1965 2134 2247 2197 codicem

215 2240 405 2303 illum
467 2240 708 2304 Basilio
774 2241 1149 2326 imperatori
1213 2242 1520 2306 donatum
1583 2245 1837 2325 praeter
1894 2240 2245 2323 Didymum

219 2345 661 2411 Alexandrum
708 2346 1110 2412 Methodium
1158 2349 1548 2413 continuisse
1594 2370 1740 2412 cum
1783 2348 1942 2412 alios
1978 2348 2248 2411 fortasse

136 2493 141 2496 -
218 2457 360 2517 tum
408 2453 542 2517 Titi
591 2459 655 2518 et
703 2453 1069 2539 Serapionis
1114 2455 1332 2519 libros.

209 2641 503 2715 Ἀρχελάου
551 2689 563 2701 .
615 2689 627 2702 .
677 2689 690 2701 .
743 2647 1062 2716 ἀντιλογίας
1124 2646 1565 2716 ἀναγράψαντα,
1631 2645 1821 2701 Titum
1891 2646 2242 2715 Bostrenum,

218 2733 525 2803 Georgium
582 2733 985 2806 Laodicenum,
1044 2734 1405 2805 Serapionem
1459 2735 1884 2804 Thmuitanum,
1937 2734 2244 2789 Diodorum

208 2821 603 2892 (Tarsensem).

361 2914 414 2980 1)
454 2910 509 2966 C.
543 2917 635 2966 11:
679 2914 840 2974 Τίτος
866 2932 926 2967 τε
964 2912 994 2967 ὁ
1032 2917 1362 2986 Βοσςρηνῶν
1401 2907 1702 2976 ἐπίσκοπος
1739 2914 1836 2968 καὶ
1862 2915 2173 2982 Σαραπίων
2212 2911 2241 2966 ὁ

211 3006 312 3068 τῆς
352 2998 616 3070 Θμούεως
667 2997 698 3053 ὅ
748 3019 807 3054 τε
856 3008 954 3069 τῆς
989 3000 1200 3063 πόλεως
1236 3000 1437 3054 Λύκων
1480 2999 1833 3073 Ἀλέξανδρος
1881 3002 2010 3064 τοὺς
2060 3002 2242 3071 ἀρχιε-

212 3088 478 3158 parmate
516 3082 988 3157 ἐγκεχειρισμένος
1022 3086 1242 3159 νόμους.

358 3179 413 3246 2)
451 3177 597 3230 Acta
624 3175 889 3230 Archelai
925 3194 1131 3246 graeca
1166 3178 1267 3232 illo
1305 3180 1558 3248 tempore
1593 3195 1711 3233 non
1744 3178 1859 3231 iam
1900 3176 2151 3232 extitisse
2183 3179 2242 3231 et

209 3264 411 3320 Photii
448 3268 508 3319 et
540 3263 696 3319 Petri
733 3263 907 3319 Siculi
944 3282 1013 3319 ex
1047 3265 1208 3320 libris
1248 3266 1617 3335 cognoscitur.

355 3357 410 3424 3)
448 3354 530 3410 cf.
575 3352 768 3408 Photii
810 3354 1287 3409 machinationem
1341 3372 1376 3409 a
1424 3354 1628 3408 Niceta
1677 3356 1962 3408 narratam
2014 3352 2075 3406 in
2120 3352 2240 3407 vita

204 3442 448 3512 Ignatii:
485 3443 672 3498 Mansi
707 3442 837 3497 XVI
870 3461 925 3513 p.
956 3449 1078 3513 284,
1114 3443 1307 3513 Migne
1344 3443 1437 3498 CV
1473 3460 1526 3511 p.
1559 3447 1677 3497 565.
