2484 3800
748 138 947 189 ΠΡΟΣ
983 137 1125 187 ΤΑΣ
1162 138 1577 190 MANIXAIOT
1612 135 1855 196 ΔΟΞΑΣ
2222 136 2307 199 33

279 299 503 384 τρόπῳ
543 295 584 380 ἢ
620 308 789 377 πῶς;
837 294 995 362 οὐδὲ
1038 300 1167 384 γὰρ
1213 299 1604 364 πλάσασθαί
1643 323 1718 381 γε
1763 308 1960 363 τοῦτο
1999 300 2307 364 δυνατόν.

275 404 444 489 πρὸς
491 405 617 489 γὰρ
663 411 755 491 τῷ
792 405 1073 469 εἴδωλον
1108 404 1393 470 εἰδώλου
1428 405 1548 469 τὸν
1583 407 1949 491 ἄνθρωπον
1983 405 2308 490 ὑπάρχειν

277 509 452 575 οὕτω
508 533 584 592 γε
637 508 784 574 κατ’
833 509 1077 586 αὐτοὺς
1130 509 1241 575 καὶ
1297 512 1625 595 μηδεμίαν
1680 514 1857 595 ἔχειν
1918 510 2307 595 ὑπόστασιν,

276 618 374 680 ἔτι
423 613 581 681 οὐδὲ
627 618 722 693 εἰς
766 618 1036 682 ἔννοιάν
1083 615 1265 682 ἐστιν
1309 617 1496 699 ἥκειν
1541 619 1948 702 δυνάμενον,
2004 629 2142 695 πῶς
2190 627 2306 701 τῆς

275 722 440 805 ὕλης
487 725 687 808 ἔργον
734 721 914 788 ἐστὶν
959 723 995 789 ὁ
1043 725 1429 809 ἄνθρωπος·
1475 725 1549 788 τὸ
1598 725 1723 810 γὰρ
1770 727 2150 806 λογίζεσθαι
2195 722 2304 789 καὶ
2359 744 2385 783 5

277 834 640 893 αἶσθεσθαι
698 825 856 894 οὐδὲ
911 838 1027 912 τῆς
1078 828 1218 893 κατ’
1265 830 1509 906 αὐτοὺς
1562 829 1727 914 ὕλης
1783 828 1981 894 ἐστίν.
2071 834 2172 907 τίς
2230 827 2306 895 δὲ

275 933 416 999 κατ’
454 935 697 1013 αὐτοὺς
733 935 769 1001 ὁ
809 938 1194 1023 ἄνθρωποςς
1241 931 1371 1022 ἆρά
1416 961 1491 1019 γε
1536 938 1611 1001 τὸ
1661 935 1732 1001 ἐκ
1777 945 1892 1018 τῆς
1935 946 2151 1021 ψυχῆς
2194 936 2305 1002 καὶ

276 1042 576 1126 σώματος
629 1053 837 1127 μῖγμα
888 1043 929 1126 ἢ
984 1045 1058 1108 τὸ
1115 1041 1344 1130 ἕτερον
1399 1043 1440 1126 ἢ
1499 1044 1655 1127 ὅλης
1718 1052 1934 1127 ψυχῆς
1997 1042 2303 1129 ἀνωτέρω

275 1157 465 1226 νοῢς;
510 1146 652 1213 ἀλλ’
690 1155 819 1213 εἴτε
865 1158 1025 1225 νοῦς
1073 1149 1274 1232 ἐστιν,
1319 1160 1457 1226 πῶς
1500 1151 1575 1214 τὸ
1621 1150 1898 1215 κάλλιον
1942 1147 2182 1231 γένοιτ’
2220 1148 2305 1214 ἂν

273 1263 395 1318 τοῦ
441 1258 742 1340 χείρονος
787 1258 1015 1342 ἔργον;
1061 1261 1191 1320 εἴτε
1228 1258 1409 1339 ψυχή
1436 1294 1523 1301 -
1552 1256 1802 1339 ταύτην
1838 1252 1912 1320 δὲ
1947 1255 2071 1338 τὴν
2104 1259 2305 1320 θείαν
2331 1278 2383 1316 10

274 1361 566 1445 δύναμιν
602 1356 773 1426 εἶναι
810 1360 1125 1444 λέγουσιν
1141 1399 1250 1445 -,
1286 1372 1425 1438 πῶς
1461 1362 1947 1448 ἀφαιρούμενοι
1981 1362 2102 1426 τὸν
2135 1363 2304 1426 θεὸν

274 1467 397 1549 τὴν
440 1470 640 1532 θείαν
683 1469 1003 1553 δύναμιν,
1062 1469 1313 1552 ταύτην
1365 1469 1496 1534 ὑπὸ
1552 1470 1675 1552 τὴν
1727 1477 1843 1551 τῆς
1897 1468 2060 1552 ὕλης
2114 1470 2302 1553 δημι-

274 1577 557 1659 ουργίαν
601 1576 1144 1654 κατατάττουσιν;
1203 1576 1263 1640 εἰ
1308 1571 1383 1639 δὲ
1424 1574 1432 1660 Ι
1473 1576 1547 1639 τὸ
1605 1585 1790 1659 σῶμα
1843 1577 2055 1659 μόνον
2107 1599 2300 1639 κατα-
2319 1579 2457 1636 f.19(

273 1683 647 1764 λείπουσιν,
702 1679 1433 1766 ἀναμιμνῃσκέσθωσαν
1484 1680 1690 1745 πάλιν
1736 1681 1837 1746 ὅτι
1891 1690 2088 1746 τοῦτο
2134 1681 2290 1747 καθ’

274 1783 469 1850 ἑαυτὸ
516 1785 849 1871 ἀκίνητον,
894 1795 1010 1870 τῆς
1056 1783 1130 1851 δὲ
1174 1786 1339 1870 ὕλης
1383 1787 1507 1870 τὴν
1554 1786 1792 1852 οὐσίαν
1827 1791 2093 1871 κίνησιν
2129 1784 2307 1853 εἷναί
2329 1810 2380 1850 15

273 1909 498 1977 φασιν.
585 1892 753 1960 ἀλλὰ
810 1894 943 1978 μὴν
1002 1893 1109 1960 ὅτε
1170 1918 1243 1976 γε
1300 1890 1503 1959 οὐδὲν
1554 1891 1708 1959 καθ’
1758 1891 1950 1959 ἑαυτὸ
2008 1892 2115 1959 ἐπὶ
2176 1895 2300 1978 τὴν

275 1999 447 2083 ὕλην
502 2001 785 2082 ἄγεσθαι
850 2006 1135 2084 οἴονται,
1200 1997 1360 2066 οὐδὲ
1417 2002 1492 2065 τὸ
1550 2000 1622 2065 ἐκ
1674 2001 1931 2066 τούτων
1985 2003 2299 2078 συνεστὸς

273 2107 558 2189 εὕλογον
610 2108 852 2191 ταύτης
906 2110 1108 2194 ἔργον
1162 2102 1337 2173 εἶναι
1390 2108 1903 2191 ὑπολαμβάνειν.
1993 2107 2103 2172 καὶ
2167 2109 2299 2193 μὴν

271 2215 345 2278 τὸ
411 2216 769 2297 γινόμενον
837 2215 969 2280 ὑπό
1033 2239 1153 2280 του
1226 2215 1329 2279 ὅτι
1402 2214 1665 2289 πάντως
1726 2223 1954 2300 χεῖρον
2018 2213 2298 2298 ἐκείνου,

273 2319 859 2404 ἀναμφισβήτητον
903 2315 1075 2386 εἶναι
1121 2322 1332 2404 δοκεῖ,
1388 2320 1562 2385 οὕτω
1617 2321 1744 2405 γὰρ
1801 2320 1838 2386 ὁ
1889 2322 2131 2405 κόσμος
2175 2330 2295 2385 τοῦ
2325 2344 2378 2383 20

271 2426 687 2512 δημιουργοῦ
724 2430 966 2512 χείρων
999 2425 1109 2492 καὶ
1146 2439 1283 2492 τῶν
1317 2437 1632 2511 τεχνιτῶν
1670 2426 1798 2491 ὅσα·
1827 2427 2082 2491 τούτων
2119 2430 2295 2514 ἔργα.

273 2532 331 2596 εῐ
378 2527 503 2597 οὖν
547 2541 662 2614 τῆς
705 2532 869 2617 ὕλης
915 2536 1113 2619 ἔργον
1159 2533 1194 2598 ὁ
1242 2534 1619 2619 ἄνθρωπος,
1663 2534 1925 2609 πάντως
1968 2554 2101 2597 που
2140 2534 2295 2598 ταύ-

274 2661 388 2720 της
433 2641 691 2723 χείρων.
763 2638 928 2722 ὕλης
973 2635 1047 2703 δὲ
1092 2640 1327 2704 κάκιον
1373 2640 1436 2704 οἱ
1483 2641 1723 2725 ἄνδρες
1764 2634 1966 2703 οὐδὲν
1999 2644 2294 2704 καταλεί-

272 2760 543 2809 πουσιν·
605 2742 714 2809 καὶ
775 2744 897 2810 οὐκ
956 2751 1106 2810 ἴσον
1163 2755 1241 2831 τῇ
1302 2744 1429 2832 ὕλῃ
1488 2749 1858 2830 μίγνυσθαι
1916 2745 2039 2828 τὴν
2094 2749 2295 2811 θείαν

417 2976 483 3025 18
505 2988 626 3041 sqq.
665 2971 734 3026 cf.
771 2972 1071 3042 Augustin.
1110 2990 1155 3028 ο.
1193 2972 1485 3028 Fortunat.
1514 2977 1581 3026 21
1619 2990 1674 3041 p.
1698 2977 1817 3042 100,
1847 2978 1915 3026 20
1953 2974 2012 3028 et
2047 2989 2093 3028 0.
2122 2972 2290 3030 Felic.

273 3041 299 3094 I
340 3047 407 3096 19
443 3061 497 3112 p.
529 3047 649 3113 825,
680 3048 747 3096 22
786 3045 845 3099 et
882 3044 951 3098 de
986 3046 1103 3098 nat.
1140 3042 1278 3098 boni
1314 3049 1383 3098 34
1417 3062 1474 3113 p.
1504 3048 1624 3112 872,
1656 3048 1724 3096 10
1761 3044 1946 3112 Zycha

408 3225 448 3273 ’6
487 3222 826 3276 αἴσθεσθαιε
865 3220 935 3276 cf.
973 3240 1027 3291 p.
1058 3227 1144 3291 22,
1174 3225 1240 3274 21
1357 3226 1421 3275 17
1459 3219 1778 3289 ἀνάγεσθαι
1814 3219 2026 3274 Usener
2143 3221 2290 3275 οἴον-

270 3310 387 3347 von:
438 3288 559 3345 οἷόν
604 3310 664 3345 τε
710 3291 1064 3345 scribendum
1099 3291 1325 3346 videtur
1539 3298 1811 3352 συνεστώς
1843 3292 1925 3346 M:
1965 3290 2033 3345 cf.
2073 3290 2289 3345 Schanz

271 3360 447 3431 praef.
487 3361 632 3417 Plat.
669 3362 899 3417 Theaet.
937 3380 990 3432 p.
1020 3363 1151 3417 XIII
1328 3362 1391 3417 τὸ
1430 3357 1494 3416 ἐκ
1528 3361 1737 3416 τούτων
1784 3378 1858 3416 σα
1904 3360 1966 3414 id
2010 3362 2160 3430 quod
2196 3361 2233 3418 l.
2258 3366 2290 3415 7

270 3431 498 3487 vocavit
533 3433 594 3488 τὸ
634 3428 696 3488 ἐκ
732 3441 829 3503 τῆς
863 3442 1050 3504 ψυχῆς
1085 3434 1183 3488 καὶ
1220 3435 1470 3557 σώῦατος
1505 3439 1679 3503 μῖγμα
1802 3436 1868 3487 18
1905 3431 2292 3503 ὑπολαμβάνει

272 3502 357 3559 M:
396 3520 533 3559 corr.
572 3503 613 3560 C
756 3511 823 3559 21
866 3507 924 3559 ef,
959 3510 1028 3558 23
1064 3513 1252 3576 χεῖρον

376 3602 534 3644 Aux.
560 3604 732 3645 Lxcor.
761 3604 832 3647 ed.
859 3604 1226 3645 Brinkmann.
1934 3596 1966 3644 3
