2484 3800
215 107 297 172 16
680 106 1172 167 ΑΛΕΞΑΝΔΡΟΤ
1208 108 1760 161 ΔΤΚΟΠΟΑΙΤΟΤ

210 271 464 353 γίνεται
506 279 599 359 τῷ
635 269 1003 359 κεκτημένῳ
1041 271 1081 355 ἡ
1120 270 1251 336 ἀπὸ
1288 282 1422 335 τῶν
1458 269 1839 356 ἀνθρώπων
1875 271 1971 346 εἰς
2008 267 2238 355 ἕτερον

212 378 614 462 μετάστασις.
680 376 819 444 ἀλλ’
849 384 916 443 εἴ
944 402 1094 443 τινα
1129 379 1387 443 τούτων
1423 377 1591 454 ὅλως
1628 379 1854 442 εἰκόνα
1892 375 2237 460 ἐπινοῆσαι

213 484 335 567 δεῖ,
380 485 503 567 τὴν
548 487 796 568 σοφίαν
849 479 1031 568 οἶμαι
1091 485 1363 561 δικαίως
1417 485 1503 549 ἄν
1554 507 1655 560 τις
1707 483 2079 569 παραβάλοι
2123 482 2236 548 καὶ

210 590 327 667 τὰς
381 588 753 675 ἐπιστήμας.
843 592 1063 676 ὥσπερ
1121 585 1247 655 οὗν
1301 591 1462 655 οὔτε
1505 589 1546 674 ἡ
1603 593 1808 674 σοφία
1856 588 2239 656 ἐλαττοῦται

159 716 184 755 5
213 697 365 761 οὔτε
399 695 440 780 ἡ
479 695 799 781 ἐπιστήμη
848 698 999 762 οὔτε
1047 697 1112 762 οἱ
1157 696 1360 773 αὐτὰς
1397 698 1677 781 ἔχοντες,
1724 695 1810 761 ἂν
1845 694 2066 783 ἕτερος
2102 708 2239 762 τῶν

34 807 190 863 f.184
209 802 431 867 αὐτῶν
474 805 829 890 μεταλάβῃ,
877 803 1087 880 οὕτως
1132 799 1292 868 οὐδὲ
1337 804 1456 868 τὸν
1499 804 1668 868 θεὸν
1700 800 1707 890 Ι
1740 803 2023 885 εὔλογον
2060 811 2238 887 φθο-

211 919 408 993 νῆσαι
463 919 542 996 τῇ
601 909 729 996 ὕλῃ
788 918 904 993 τῆς
962 918 1082 975 τοῦ
1138 916 1348 976 καλοῦ
1403 906 1676 995 ὀρέξεως
1711 948 1799 956 -
1837 911 1896 975 εἰ
1950 911 2033 993 δὴ
2088 909 2228 975 κατ’

212 1015 456 1094 αὐτοὺς
503 1015 766 1103 ὠρέχθη
812 1017 1072 1082 τούτου.

345 1121 407 1186 Χ
471 1126 663 1189 Πολὺ
710 1118 784 1187 δὲ
828 1124 985 1199 τοὺς
1019 1124 1439 1207 μυθοποιοὺς
1475 1122 2045 1207 ὑπερβεβλήκασιν
2080 1125 2241 1200 τοὺς

132 1250 184 1289 10
210 1228 251 1313 ἢ
298 1231 378 1294 τὰ
422 1239 544 1295 τοῦ
592 1229 905 1315 Οὐρανοῦ
953 1230 1176 1294 αἰδοῖα
1221 1227 1600 1313 τέμνοντας,
1645 1228 1686 1313 ἢ
1723 1230 1840 1306 τὰς
1882 1227 2242 1313 ἐπιβουλὰς

209 1337 373 1400 κατὰ
417 1345 538 1402 τοῦ
583 1339 857 1423 Κρόνου
899 1336 1030 1401 ὑπὸ
1068 1344 1188 1401 τοῦ
1224 1336 1379 1402 υἱοῦ
1418 1334 1856 1412 συντιθέντας
1893 1336 2004 1401 ’ἵνα
2039 1336 2241 1414 αὐτὸς

210 1442 497 1528 κατάσχῃ
553 1443 676 1525 τὴν
731 1442 968 1528 ἀρχήν,
1031 1440 1074 1525 ἢ
1128 1450 1488 1517 ποιοῦντας
1541 1443 1745 1507 πάλιν
1796 1443 1917 1507 τὸν
1964 1446 2240 1529 Κρόνον

210 1549 367 1624 τοὺς
430 1549 622 1625 υἱοὺς
682 1552 1073 1614 καταπίνειν
1134 1543 1275 1614 εἶτα
1338 1549 1871 1635 διαμαρτάνοντα
1939 1549 2052 1614 διὰ
2122 1558 2242 1632 τῆς

211 1664 332 1720 τοῦ
378 1655 584 1721 λίθου
629 1658 902 1732 εἰκόνος.
991 1667 1132 1732 πῶς
1184 1658 1313 1742 γὰρ
1368 1658 1448 1721 τὰ
1494 1657 1813 1741 λεγόμενα
1858 1653 1969 1721 ὑπ’
2016 1655 2240 1721 αὐτῶν

134 1781 184 1821 15
215 1761 295 1825 οὐ
341 1771 635 1846 τοιαῦτα,
682 1763 844 1827 ὅταν
886 1766 1180 1847 πόλεμον
1216 1764 1530 1849 ἄντικρυς
1570 1771 1686 1846 τῆς
1719 1762 1883 1847 ὕλης
1917 1763 2084 1848 πρὸς
2120 1763 2242 1828 τὸν

19 1873 195 1944 p.10C
214 1868 383 1934 θεὸν
426 1868 901 1953 ὑφηγήσωνται
940 1868 1051 1935 καὶ
1088 1865 1255 1954 μηδὲ
1291 1877 1495 1934 ταῦτα
1530 1867 1759 1954 μέντοι
1795 1867 1881 1935 δι’
1917 1869 2241 1946 ὑπονοίας

216 1972 527 2060 λέγωσιν,
582 1978 885 2062 καθάπερ
915 1975 1201 2061 Ὅμηρος
1254 1979 1512 2062 χαίρειν
1553 1986 1732 2042 ποιεῖ
1783 1978 1904 2041 τὸν
1948 1980 2085 2042 Δία
2133 1976 2241 2042 ἐπὶ

213 2091 306 2170 τῷ
352 2094 486 2147 τῶν
526 2090 709 2149 θεῶν
743 2082 1006 2172 πολέμῳ
1052 2084 1219 2168 πρὸς
1266 2083 1594 2166 ἀλλήλους
1631 2082 1705 2148 ἐν
1731 2082 1987 2167 Ἰλιάδι,
2032 2085 2242 2148 αἰνιτ-

214 2191 488 2273 τόμενος
535 2191 609 2254 τὸ
649 2188 713 2269 ἐξ
752 2190 1090 2274 ἀνομοίων
1123 2190 1245 2254 τὸν
1288 2191 1539 2273 κόσμον
1577 2197 1992 2273 συγκεῖσθαι,
2036 2188 2243 2275 ἡρμο-

84 2309 103 2326 ·
136 2317 187 2358 20
216 2292 476 2378 σμένων
520 2296 687 2380 πρὸς
733 2296 984 2379 ἄλληλα
1026 2293 1137 2360 καὶ
1181 2296 1525 2361 νικώντων
1573 2319 1642 2360 τε
1686 2294 1796 2361 καὶ
1838 2295 2243 2381 νικωμένων.

216 2398 325 2465 καὶ
354 2403 559 2466 ταῦτά
586 2427 698 2487 μοι
727 2409 1001 2488 εἴρηται,
1041 2402 1263 2486 ἐπειδὴ
1303 2403 1647 2485 γιγνώσκω
1684 2405 1841 2480 τοὺς
1875 2404 2244 2488 τοιούτους,

220 2504 489 2572 ἐπειδὰν
551 2507 954 2587 ἀποδείξεων
1016 2508 1385 2595 ἀπορῶσιν,
1459 2510 1559 2573 ἔνι
1623 2511 2045 2594 πανταχόθεν
2112 2509 2242 2575 ἀπὸ

219 2624 354 2677 τῶν
389 2616 721 2697 ποιήσεων
758 2611 1217 2699 συμφέροντας
1262 2613 1372 2679 καὶ
1418 2612 1787 2695 ἀπολογίαν
1831 2623 2037 2678 ταῦτα
2070 2611 2242 2700 ὑπὲρ

218 2731 353 2783 τῶν
401 2721 592 2784 ἰδίων
638 2718 853 2797 δοξῶν
896 2718 1357 2804 ποιουμένους.
1430 2718 1553 2784 οὐκ
1598 2717 1684 2784 ἂν
1727 2715 1804 2784 δὲ
1848 2728 2054 2784 ταῦτα
2100 2718 2244 2785 ἐπε-

363 2952 430 3001 14
462 2963 583 3016 sqq.
635 2946 704 3003 cf.
764 2946 1049 3017 Serapion.
1107 2963 1153 3003 c.
1209 2947 1453 3003 Manich.
1507 2966 1562 3017 p.
1594 2951 1677 3017 79,
1710 2952 1777 3001 10
1807 2964 1926 3015 sqq.
1966 2947 2242 3018 Lagarde‚

220 3017 497 3088 Epiphan.
535 3034 664 3087 pan.
697 3025 781 3087 66,
811 3024 879 3072 48
1017 3023 1081 3073 17
1105 3036 1225 3087 sqq.
1267 3018 1335 3074 cf.
1373 3018 1592 3073 Heracl.
1632 3018 1727 3074 all.
1764 3017 1989 3075 Homer.
2029 3023 2096 3072 52
2120 3037 2241 3088 sqq.

222 3090 491 3160 Porphyr.
530 3091 746 3157 quaest.
775 3089 999 3144 Homer.
1037 3090 1063 3143 I
1098 3108 1153 3159 p.
1184 3094 1289 3144 240
1310 3106 1392 3158 sq.
1432 3089 1708 3143 Schrader
1853 3095 1919 3143 18
1957 3089 2018 3145 11.
2064 3093 2115 3144 Τ

364 3274 396 3320 3
434 3268 497 3322 δὲ
536 3267 634 3321 καὶ
671 3268 743 3330 ὡς
778 3268 862 3323 M:
901 3269 1132 3331 δικαίως
1169 3266 1370 3337 scripsi
1521 3274 1551 3322 6
1592 3266 1719 3321 οὔτε
1753 3267 1815 3320 Μ
1959 3272 1991 3321 8
2031 3265 2243 3337 ὀρέχθη

223 3336 307 3393 M:
346 3353 483 3392 corr.
524 3337 564 3392 O
739 3343 805 3392 13
844 3341 1103 3407 expectes
1140 3341 1241 3392 aut
1278 3339 1663 3393 καταπίνοντα
1700 3339 1801 3392 aut
1836 3338 2245 3408 διαμαρτάνειν

333 3412 398 3459 17
436 3408 474 3462 f.
516 3405 769 3477 λέγουσιν
915 3415 982 3464 22
1022 3408 1124 3478 ἔνι,
1163 3431 1183 3464 ι
1219 3409 1282 3464 in
1316 3409 1490 3464 litura
1524 3410 1611 3463 M:
1648 3409 1687 3464 f.
1729 3407 1859 3479 ἔπη,
1898 3410 2049 3479 quod
2097 3410 2245 3467 coni.

228 3474 401 3529 etiam
436 3476 743 3533 Buecheler
