<?xml version="1.0" encoding="UTF-8"?>
<!DOCTYPE html PUBLIC "-//W3C//DTD XHTML 1.0 Transitional//EN"
    "http://www.w3.org/TR/xhtml1/DTD/xhtml1-transitional.dtd">
<html xmlns="http://www.w3.org/1999/xhtml" xml:lang="en" lang="en">
 <head>
  <title>
</title>
<meta http-equiv="Content-Type" content="text/html;charset=utf-8" />
  <meta name='ocr-system' content='tesseract 3.04.00' />
  <meta name='ocr-capabilities' content='ocr_page ocr_carea ocr_par ocr_line ocrx_word'/>
</head>
<body>
  <div class='ocr_page' id='page_1' title='image "./contramanichaei00bringoog_0064.png"; bbox 0 0 2484 3800; ppageno 0'>
   <div class='ocr_carea' id='block_1_1' title="bbox 189 94 1750 191">
    <p class='ocr_par' dir='ltr' id='par_1_1' title="bbox 189 94 1750 191">
     <span class='ocr_line' id='line_1_1' title="bbox 189 94 1750 191; baseline 0 -9"><span class='ocrx_word' id='word_1_1' title='bbox 189 127 278 191; x_wconf 81' lang='lat'><strong><em>24</em></strong></span> <span class='ocrx_word' id='word_1_2' title='bbox 667 94 1167 190; x_wconf 57' lang='grc' dir='ltr'><strong>ΑΛΕΞΑΝΔΡΟἹ(</strong></span> <span class='ocrx_word' id='word_1_3' title='bbox 1195 130 1750 184; x_wconf 73' lang='grc' dir='ltr'><strong><em>ΑΤΚοΠοΛῙΤοΤ</em></strong></span> 
     </span>
    </p>
   </div>
   <div class='ocr_carea' id='block_1_2' title="bbox 17 288 2220 2720">
    <p class='ocr_par' dir='ltr' id='par_1_2' title="bbox 17 288 2220 2720">
     <span class='ocr_line' id='line_1_2' title="bbox 17 288 2219 381; baseline 0.002 -25"><span class='ocrx_word' id='word_1_4' title='bbox 17 303 164 361; x_wconf 70' lang='grc' dir='ltr'><strong>Γ.187</strong></span> <span class='ocrx_word' id='word_1_5' title='bbox 186 288 569 375; x_wconf 80' lang='grc' dir='ltr'><strong><em>γενομένων</em></strong></span> <span class='ocrx_word' id='word_1_6' title='bbox 642 304 890 378; x_wconf 79' lang='grc' dir='ltr'><strong><em>σοφῶν.</em></strong></span> <span class='ocrx_word' id='word_1_7' title='bbox 980 293 1017 359; x_wconf 85' lang='grc' dir='ltr'><strong><em>ὃ</em></strong></span> <span class='ocrx_word' id='word_1_8' title='bbox 1081 295 1267 360; x_wconf 79' lang='grc' dir='ltr'><strong><em>δοκεῖ</em></strong></span> <span class='ocrx_word' id='word_1_9' title='bbox 1328 319 1443 379; x_wconf 90' lang='grc' dir='ltr'><strong><em>μοι</em></strong></span> <span class='ocrx_word' id='word_1_10' title='bbox 1501 292 1509 381; x_wconf 90' lang='grc' dir='ltr'>Ι</span> <span class='ocrx_word' id='word_1_11' title='bbox 1566 292 2115 378; x_wconf 79' lang='grc' dir='ltr'><strong><em>κατανενοηκέναι</em></strong></span> <span class='ocrx_word' id='word_1_12' title='bbox 2182 295 2219 360; x_wconf 73' lang='grc' dir='ltr'>ὁ</span> 
     </span>
     <span class='ocr_line' id='line_1_3' title="bbox 181 395 2216 486; baseline 0.001 -24"><span class='ocrx_word' id='word_1_13' title='bbox 181 395 438 481; x_wconf 87' lang='grc' dir='ltr'><strong><em>Ἰησοῦς</em></strong></span> <span class='ocrx_word' id='word_1_14' title='bbox 509 396 620 465; x_wconf 87' lang='grc' dir='ltr'><strong><em>καὶ</em></strong></span> <span class='ocrx_word' id='word_1_15' title='bbox 693 401 806 464; x_wconf 81' lang='grc' dir='ltr'><strong><em>’ἶνα</em></strong></span> <span class='ocrx_word' id='word_1_16' title='bbox 869 401 956 484; x_wconf 83' lang='grc' dir='ltr'><strong><em>μὴ</em></strong></span> <span class='ocrx_word' id='word_1_17' title='bbox 1031 400 1516 486; x_wconf 76' lang='grc' dir='ltr'><strong><em>ἀπεληλαμένοι</em></strong></span> <span class='ocrx_word' id='word_1_18' title='bbox 1588 397 1710 467; x_wconf 84' lang='grc' dir='ltr'><strong><em>ὦσι</em></strong></span> <span class='ocrx_word' id='word_1_19' title='bbox 1773 410 1894 467; x_wconf 88' lang='grc' dir='ltr'><strong><em>τοῦ</em></strong></span> <span class='ocrx_word' id='word_1_20' title='bbox 1954 400 2216 484; x_wconf 82' lang='grc' dir='ltr'><strong><em>ἀγαθοῦ</em></strong></span> 
     </span>
     <span class='ocr_line' id='line_1_4' title="bbox 189 502 2215 591; baseline 0.001 -24"><span class='ocrx_word' id='word_1_21' title='bbox 189 506 481 590; x_wconf 79' lang='grc' dir='ltr'><strong><em>γεωργοί</em></strong></span> <span class='ocrx_word' id='word_1_22' title='bbox 529 527 597 569; x_wconf 89' lang='grc' dir='ltr'><strong><em>τε</em></strong></span> <span class='ocrx_word' id='word_1_23' title='bbox 652 502 763 571; x_wconf 88' lang='grc' dir='ltr'><strong><em>καὶ</em></strong></span> <span class='ocrx_word' id='word_1_24' title='bbox 817 504 1118 584; x_wconf 78' lang='grc' dir='ltr'><strong><em>τέκτονες</em></strong></span> <span class='ocrx_word' id='word_1_25' title='bbox 1170 505 1281 572; x_wconf 90' lang='grc' dir='ltr'><strong><em>καὶ</em></strong></span> <span class='ocrx_word' id='word_1_26' title='bbox 1342 508 1684 591; x_wconf 78' lang='grc' dir='ltr'><strong><em>οἰκοδόμοι</em></strong></span> <span class='ocrx_word' id='word_1_27' title='bbox 1743 506 1853 573; x_wconf 89' lang='grc' dir='ltr'><strong><em>καὶ</em></strong></span> <span class='ocrx_word' id='word_1_28' title='bbox 1908 510 1974 573; x_wconf 79' lang='grc' dir='ltr'><strong><em>οἱ</em></strong></span> <span class='ocrx_word' id='word_1_29' title='bbox 2027 510 2215 574; x_wconf 76' lang='grc' dir='ltr'><strong><em>ἄλλοι</em></strong></span> 
     </span>
     <span class='ocr_line' id='line_1_5' title="bbox 189 608 2220 700; baseline 0.002 -26"><span class='ocrx_word' id='word_1_30' title='bbox 189 608 318 675; x_wconf 87' lang='grc' dir='ltr'><strong><em>ἀπὸ</em></strong></span> <span class='ocrx_word' id='word_1_31' title='bbox 377 621 514 675; x_wconf 83' lang='grc' dir='ltr'><strong><em>τῶν</em></strong></span> <span class='ocrx_word' id='word_1_32' title='bbox 571 622 849 696; x_wconf 80' lang='grc' dir='ltr'><strong><em>τεχνῶν,</em></strong></span> <span class='ocrx_word' id='word_1_33' title='bbox 908 613 1142 677; x_wconf 90' lang='grc' dir='ltr'><strong><em>κοινὸν</em></strong></span> <span class='ocrx_word' id='word_1_34' title='bbox 1200 611 1561 700; x_wconf 79' lang='grc' dir='ltr'><strong><em>συνέδριον</em></strong></span> <span class='ocrx_word' id='word_1_35' title='bbox 1616 617 1893 678; x_wconf 80' lang='grc' dir='ltr'><strong><em>καθίσαι</em></strong></span> <span class='ocrx_word' id='word_1_36' title='bbox 1951 615 2220 679; x_wconf 79' lang='grc' dir='ltr'><strong><em>πάντων</em></strong></span> 
     </span>
     <span class='ocr_line' id='line_1_6' title="bbox 134 714 2219 800; baseline 0.005 -25"><span class='ocrx_word' id='word_1_37' title='bbox 134 738 160 775; x_wconf 77' lang='lat'>5</span> <span class='ocrx_word' id='word_1_38' title='bbox 189 715 358 800; x_wconf 86' lang='grc' dir='ltr'><strong><em>ὁμοῦ</em></strong></span> <span class='ocrx_word' id='word_1_39' title='bbox 412 714 524 781; x_wconf 86' lang='grc' dir='ltr'><strong><em>καὶ</em></strong></span> <span class='ocrx_word' id='word_1_40' title='bbox 578 718 691 782; x_wconf 77' lang='grc' dir='ltr'><strong><em>διὰ</em></strong></span> <span class='ocrx_word' id='word_1_41' title='bbox 747 716 976 783; x_wconf 80' lang='grc' dir='ltr'><strong><em>ἁπλῶν</em></strong></span> <span class='ocrx_word' id='word_1_42' title='bbox 1028 716 1139 785; x_wconf 88' lang='grc' dir='ltr'><strong><em>καὶ</em></strong></span> <span class='ocrx_word' id='word_1_43' title='bbox 1196 719 1493 785; x_wconf 83' lang='grc' dir='ltr'><strong><em>εὐκόλων</em></strong></span> <span class='ocrx_word' id='word_1_44' title='bbox 1548 718 1902 798; x_wconf 81' lang='grc' dir='ltr'><strong><em>διαλέξεων</em></strong></span> <span class='ocrx_word' id='word_1_45' title='bbox 1953 719 2061 785; x_wconf 84' lang='grc' dir='ltr'><strong><em>καὶ</em></strong></span> <span class='ocrx_word' id='word_1_46' title='bbox 2121 721 2219 796; x_wconf 82' lang='grc' dir='ltr'><strong><em>εἰς</em></strong></span> 
     </span>
     <span class='ocr_line' id='line_1_7' title="bbox 186 821 2218 909; baseline 0.001 -22"><span class='ocrx_word' id='word_1_47' title='bbox 186 830 355 888; x_wconf 83' lang='grc' dir='ltr'><strong><em>θεοῦ</em></strong></span> <span class='ocrx_word' id='word_1_48' title='bbox 401 824 672 891; x_wconf 79' lang='grc' dir='ltr'><strong><em>ἔννοιαν</em></strong></span> <span class='ocrx_word' id='word_1_49' title='bbox 717 821 961 899; x_wconf 85' lang='grc' dir='ltr'><strong><em>αὐτοὺς</em></strong></span> <span class='ocrx_word' id='word_1_50' title='bbox 1008 822 1487 909; x_wconf 81' lang='grc' dir='ltr'><strong><em>ἀπενηνοχέναι</em></strong></span> <span class='ocrx_word' id='word_1_51' title='bbox 1531 823 1641 889; x_wconf 86' lang='grc' dir='ltr'><strong><em>καὶ</em></strong></span> <span class='ocrx_word' id='word_1_52' title='bbox 1695 833 1816 890; x_wconf 85' lang='grc' dir='ltr'><strong><em>τοῦ</em></strong></span> <span class='ocrx_word' id='word_1_53' title='bbox 1869 831 2074 891; x_wconf 85' lang='grc' dir='ltr'><strong><em>καλοῦ</em></strong></span> <span class='ocrx_word' id='word_1_54' title='bbox 2120 826 2218 901; x_wconf 84' lang='grc' dir='ltr'><strong><em>εἰς</em></strong></span> 
     </span>
     <span class='ocr_line' id='line_1_8' title="bbox 187 928 1163 1013; baseline 0.002 -20"><span class='ocrx_word' id='word_1_55' title='bbox 187 928 556 1012; x_wconf 80' lang='grc' dir='ltr'><strong><em>ἐπιθυμίαν</em></strong></span> <span class='ocrx_word' id='word_1_56' title='bbox 603 929 832 995; x_wconf 81' lang='grc' dir='ltr'><strong><em>ἐλθεῖν</em></strong></span> <span class='ocrx_word' id='word_1_57' title='bbox 874 939 1163 1013; x_wconf 81' lang='grc' dir='ltr'><strong><em>ποιῆσαι.</em></strong></span> 
     </span>
     <span class='ocr_line' id='line_1_9' title="bbox 318 1033 2216 1123; baseline 0.003 -23"><span class='ocrx_word' id='word_1_58' title='bbox 318 1033 509 1100; x_wconf 90' lang='lat' dir='ltr'>XVII</span> <span class='ocrx_word' id='word_1_59' title='bbox 570 1033 769 1101; x_wconf 80' lang='grc' dir='ltr'><strong><em>Ἀλλὰ</em></strong></span> <span class='ocrx_word' id='word_1_60' title='bbox 813 1038 941 1122; x_wconf 80' lang='grc' dir='ltr'><strong><em>γὰρ</em></strong></span> <span class='ocrx_word' id='word_1_61' title='bbox 987 1048 1126 1114; x_wconf 81' lang='grc' dir='ltr'><strong><em>πῶς</em></strong></span> <span class='ocrx_word' id='word_1_62' title='bbox 1179 1059 1339 1103; x_wconf 88' lang='grc' dir='ltr'><strong><em>ποτε</em></strong></span> <span class='ocrx_word' id='word_1_63' title='bbox 1384 1037 1642 1121; x_wconf 81' lang='grc' dir='ltr'><strong><em>λέγεται</em></strong></span> <span class='ocrx_word' id='word_1_64' title='bbox 1697 1040 1770 1103; x_wconf 90' lang='grc' dir='ltr'><strong><em>τὸ</em></strong></span> <span class='ocrx_word' id='word_1_65' title='bbox 1820 1036 2216 1123; x_wconf 63' lang='grc' dir='ltr'><strong><em>’κατέπεμψε</em></strong></span> 
     </span>
     <span class='ocr_line' id='line_1_10' title="bbox 185 1141 2218 1229; baseline 0.002 -24"><span class='ocrx_word' id='word_1_66' title='bbox 185 1142 309 1224; x_wconf 84' lang='grc' dir='ltr'><strong><em>τὴν</em></strong></span> <span class='ocrx_word' id='word_1_67' title='bbox 353 1141 645 1226; x_wconf 80' lang='grc' dir='ltr'><strong><em>δύναμιν</em></strong></span> <span class='ocrx_word' id='word_1_68' title='bbox 688 1143 812 1225; x_wconf 84' lang='grc' dir='ltr'><strong><em>τὴν</em></strong></span> <span class='ocrx_word' id='word_1_69' title='bbox 856 1145 1056 1207; x_wconf 85' lang='grc' dir='ltr'><strong><em>θείαν</em></strong></span> <span class='ocrx_word' id='word_1_70' title='bbox 1102 1143 1138 1209; x_wconf 86' lang='grc' dir='ltr'>ὁ</span> <span class='ocrx_word' id='word_1_71' title='bbox 1185 1144 1346 1220; x_wconf 90' lang='grc' dir='ltr'><strong><em>θεὸς</em></strong></span> <span class='ocrx_word' id='word_1_72' title='bbox 1394 1142 1500 1209; x_wconf 81' lang='grc' dir='ltr'><strong><em>ἐπὶ</em></strong></span> <span class='ocrx_word' id='word_1_73' title='bbox 1545 1146 1669 1228; x_wconf 84' lang='grc' dir='ltr'><strong><em>τὴν</em></strong></span> <span class='ocrx_word' id='word_1_74' title='bbox 1712 1144 1933 1229; x_wconf 79' lang='grc' dir='ltr'><strong><em>ὕλην’;</em></strong></span> <span class='ocrx_word' id='word_1_75' title='bbox 1990 1146 2049 1211; x_wconf 82' lang='grc' dir='ltr'><strong><em>εἰ</em></strong></span> <span class='ocrx_word' id='word_1_76' title='bbox 2092 1141 2218 1229; x_wconf 72' lang='grc' dir='ltr'><strong><em>μὲν</em></strong></span> 
     </span>
     <span class='ocr_line' id='line_1_11' title="bbox 107 1243 2217 1336; baseline 0.003 -27"><span class='ocrx_word' id='word_1_77' title='bbox 107 1270 159 1310; x_wconf 86' lang='lat'><strong><em>10</em></strong></span> <span class='ocrx_word' id='word_1_78' title='bbox 185 1248 313 1333; x_wconf 78' lang='grc' dir='ltr'><strong><em>γὰρ</em></strong></span> <span class='ocrx_word' id='word_1_79' title='bbox 360 1243 446 1331; x_wconf 84' lang='grc' dir='ltr'><strong><em>ἧν</em></strong></span> <span class='ocrx_word' id='word_1_80' title='bbox 486 1245 587 1313; x_wconf 88' lang='grc' dir='ltr'><strong><em>ἀεὶ</em></strong></span> <span class='ocrx_word' id='word_1_81' title='bbox 633 1246 745 1312; x_wconf 88' lang='grc' dir='ltr'><strong><em>καὶ</em></strong></span> <span class='ocrx_word' id='word_1_82' title='bbox 791 1248 943 1313; x_wconf 78' lang='grc' dir='ltr'><strong><em>οὔτε</em></strong></span> <span class='ocrx_word' id='word_1_83' title='bbox 982 1248 1017 1315; x_wconf 89' lang='grc' dir='ltr'>ὁ</span> <span class='ocrx_word' id='word_1_84' title='bbox 1054 1251 1216 1326; x_wconf 88' lang='grc' dir='ltr'><strong><em>θεὸς</em></strong></span> <span class='ocrx_word' id='word_1_85' title='bbox 1261 1253 1582 1336; x_wconf 79' lang='grc' dir='ltr'><strong><em>πρότερος</em></strong></span> <span class='ocrx_word' id='word_1_86' title='bbox 1618 1250 1820 1334; x_wconf 83' lang='grc' dir='ltr'><strong><em>αὐτῆς</em></strong></span> <span class='ocrx_word' id='word_1_87' title='bbox 1858 1251 2217 1316; x_wconf 80' lang='grc' dir='ltr'><strong><em>ἐπινοεῖται</em></strong></span> 
     </span>
     <span class='ocr_line' id='line_1_12' title="bbox 186 1352 2217 1444; baseline 0.002 -26"><span class='ocrx_word' id='word_1_88' title='bbox 186 1354 339 1419; x_wconf 77' lang='grc' dir='ltr'><strong><em>οὔτε</em></strong></span> <span class='ocrx_word' id='word_1_89' title='bbox 382 1352 424 1437; x_wconf 81' lang='grc' dir='ltr'><em>ἡ</em></span> <span class='ocrx_word' id='word_1_90' title='bbox 470 1353 629 1437; x_wconf 79' lang='grc' dir='ltr'><strong><em>ὕλη,</em></strong></span> <span class='ocrx_word' id='word_1_91' title='bbox 682 1366 860 1440; x_wconf 78' lang='grc' dir='ltr'><strong><em>τρεῖς</em></strong></span> <span class='ocrx_word' id='word_1_92' title='bbox 913 1357 1118 1421; x_wconf 76' lang='grc' dir='ltr'><strong><em>πάλιν</em></strong></span> <span class='ocrx_word' id='word_1_93' title='bbox 1163 1356 1375 1433; x_wconf 81' lang='grc' dir='ltr'><strong><em>οὕτως</em></strong></span> <span class='ocrx_word' id='word_1_94' title='bbox 1428 1356 1601 1423; x_wconf 84' lang='grc' dir='ltr'><strong><em>εῑσὶν</em></strong></span> <span class='ocrx_word' id='word_1_95' title='bbox 1647 1355 1842 1444; x_wconf 79' lang='grc' dir='ltr'><strong><em>ἀρχαὶ</em></strong></span> <span class='ocrx_word' id='word_1_96' title='bbox 1888 1360 2051 1423; x_wconf 82' lang='grc' dir='ltr'><strong><em>κατά</em></strong></span> <span class='ocrx_word' id='word_1_97' title='bbox 2095 1358 2217 1423; x_wconf 89' lang='grc' dir='ltr'><strong><em>τὸν</em></strong></span> 
     </span>
     <span class='ocr_line' id='line_1_13' title="bbox 184 1458 2214 1552; baseline 0.002 -28"><span class='ocrx_word' id='word_1_98' title='bbox 184 1463 588 1545; x_wconf 84' lang='grc' dir='ltr'><strong><em>Μανιχαῖον,</em></strong></span> <span class='ocrx_word' id='word_1_99' title='bbox 639 1462 803 1545; x_wconf 79' lang='grc' dir='ltr'><strong><em>τάχα</em></strong></span> <span class='ocrx_word' id='word_1_100' title='bbox 848 1458 922 1526; x_wconf 75' lang='grc' dir='ltr'><strong><em>δὲ</em></strong></span> <span class='ocrx_word' id='word_1_101' title='bbox 968 1460 1078 1527; x_wconf 87' lang='grc' dir='ltr'><strong><em>καὶ</em></strong></span> <span class='ocrx_word' id='word_1_102' title='bbox 1123 1464 1506 1547; x_wconf 77' lang='grc' dir='ltr'><strong><em>πάμπολλαι</em></strong></span> <span class='ocrx_word' id='word_1_103' title='bbox 1552 1467 1964 1548; x_wconf 84' lang='grc' dir='ltr'><strong><em>φανήσονται</em></strong></span> <span class='ocrx_word' id='word_1_104' title='bbox 2011 1463 2214 1552; x_wconf 76' lang='grc' dir='ltr'><strong><em>ὀλίγῳ</em></strong></span> 
     </span>
     <span class='ocr_line' id='line_1_14' title="bbox 184 1565 2214 1654; baseline 0.002 -24"><span class='ocrx_word' id='word_1_105' title='bbox 184 1565 483 1653; x_wconf 79' lang='grc' dir='ltr'><strong><em>ὕστερον.</em></strong></span> <span class='ocrx_word' id='word_1_106' title='bbox 546 1568 604 1632; x_wconf 87' lang='grc' dir='ltr'><strong><em>εῐ</em></strong></span> <span class='ocrx_word' id='word_1_107' title='bbox 651 1565 710 1632; x_wconf 80' lang='grc' dir='ltr'><strong><em>δ’</em></strong></span> <span class='ocrx_word' id='word_1_108' title='bbox 750 1567 1120 1653; x_wconf 77' lang='grc' dir='ltr'><strong><em>ἐπιγενητή,</em></strong></span> <span class='ocrx_word' id='word_1_109' title='bbox 1164 1580 1305 1645; x_wconf 80' lang='grc' dir='ltr'><strong><em>πῶς</em></strong></span> <span class='ocrx_word' id='word_1_110' title='bbox 1351 1569 1533 1634; x_wconf 82' lang='grc' dir='ltr'><strong><em>ἐστιν</em></strong></span> <span class='ocrx_word' id='word_1_111' title='bbox 1580 1570 1773 1654; x_wconf 83' lang='grc' dir='ltr'><strong><em>[πῶς]</em></strong></span> <span class='ocrx_word' id='word_1_112' title='bbox 1818 1569 1984 1653; x_wconf 81' lang='grc' dir='ltr'><strong><em>ὕλης</em></strong></span> <span class='ocrx_word' id='word_1_113' title='bbox 2029 1571 2214 1654; x_wconf 74' lang='grc' dir='ltr'><strong><em>ἄμοι-</em></strong></span> 
     </span>
     <span class='ocr_line' id='line_1_15' title="bbox 187 1669 2215 1761; baseline 0.001 -24"><span class='ocrx_word' id='word_1_114' title='bbox 187 1696 303 1758; x_wconf 81' lang='grc' dir='ltr'><strong><em>ρος</em></strong></span> <span class='ocrx_word' id='word_1_115' title='bbox 358 1672 553 1757; x_wconf 84' lang='grc' dir='ltr'><strong><em>αὐτή;</em></strong></span> <span class='ocrx_word' id='word_1_116' title='bbox 608 1675 667 1739; x_wconf 83' lang='grc' dir='ltr'><strong><em>εἰ</em></strong></span> <span class='ocrx_word' id='word_1_117' title='bbox 723 1669 798 1738; x_wconf 71' lang='grc' dir='ltr'><strong><em>δὲ</em></strong></span> <span class='ocrx_word' id='word_1_118' title='bbox 852 1673 1051 1760; x_wconf 80' lang='grc' dir='ltr'><strong><em>μέρος</em></strong></span> <span class='ocrx_word' id='word_1_119' title='bbox 1107 1672 1290 1740; x_wconf 81' lang='grc' dir='ltr'><strong><em>ἐστὶν</em></strong></span> <span class='ocrx_word' id='word_1_120' title='bbox 1343 1685 1465 1741; x_wconf 89' lang='grc' dir='ltr'><strong><em>τοῦ</em></strong></span> <span class='ocrx_word' id='word_1_121' title='bbox 1517 1683 1717 1759; x_wconf 82' lang='grc' dir='ltr'><strong><em>θεοῦ,</em></strong></span> <span class='ocrx_word' id='word_1_122' title='bbox 1771 1686 2038 1761; x_wconf 79' lang='grc' dir='ltr'><strong><em>πρῶτον</em></strong></span> <span class='ocrx_word' id='word_1_123' title='bbox 2090 1673 2215 1760; x_wconf 75' lang='grc' dir='ltr'><strong><em>μὲν</em></strong></span> 
     </span>
     <span class='ocr_line' id='line_1_16' title="bbox 105 1778 2216 1865; baseline 0.004 -26"><span class='ocrx_word' id='word_1_124' title='bbox 105 1801 157 1840; x_wconf 87' lang='lat'><strong><em>15</em></strong></span> <span class='ocrx_word' id='word_1_125' title='bbox 187 1778 522 1845; x_wconf 86' lang='grc' dir='ltr'><strong><em>σύνθετον</em></strong></span> <span class='ocrx_word' id='word_1_126' title='bbox 545 1778 656 1844; x_wconf 82' lang='grc' dir='ltr'><strong><em>καὶ</em></strong></span> <span class='ocrx_word' id='word_1_127' title='bbox 687 1781 1060 1865; x_wconf 84' lang='grc' dir='ltr'><strong><em>σωματικὸν</em></strong></span> <span class='ocrx_word' id='word_1_128' title='bbox 1087 1779 1585 1865; x_wconf 82' lang='grc' dir='ltr'><strong><em>ἀποφαίνουσιν</em></strong></span> <span class='ocrx_word' id='word_1_129' title='bbox 1623 1782 1834 1858; x_wconf 80' lang='grc' dir='ltr'><strong><em>οὕτως</em></strong></span> <span class='ocrx_word' id='word_1_130' title='bbox 1867 1782 1987 1846; x_wconf 90' lang='grc' dir='ltr'><strong><em>τὸν</em></strong></span> <span class='ocrx_word' id='word_1_131' title='bbox 2021 1786 2216 1847; x_wconf 82' lang='grc' dir='ltr'><strong><em>θεόν·</em></strong></span> 
     </span>
     <span class='ocr_line' id='line_1_17' title="bbox 19 1882 2218 1973; baseline -0.001 -16"><span class='ocrx_word' id='word_1_132' title='bbox 19 1901 163 1957; x_wconf 77' lang='grc'>,140</span> <span class='ocrx_word' id='word_1_133' title='bbox 183 1894 381 1951; x_wconf 88' lang='grc' dir='ltr'><strong><em>τοῦτο</em></strong></span> <span class='ocrx_word' id='word_1_134' title='bbox 428 1882 502 1951; x_wconf 74' lang='grc' dir='ltr'><strong><em>δὲ</em></strong></span> <span class='ocrx_word' id='word_1_135' title='bbox 549 1887 799 1953; x_wconf 76' lang='grc' dir='ltr'><strong><em>ἄτοπον</em></strong></span> <span class='ocrx_word' id='word_1_136' title='bbox 843 1884 952 1952; x_wconf 89' lang='grc' dir='ltr'><strong><em>καὶ</em></strong></span> <span class='ocrx_word' id='word_1_137' title='bbox 1000 1886 1352 1954; x_wconf 80' lang='grc' dir='ltr'><strong><em>ἀδύνατον.</em></strong></span> <span class='ocrx_word' id='word_1_138' title='bbox 1427 1889 1487 1955; x_wconf 82' lang='grc' dir='ltr'><strong><em>εἰ</em></strong></span> <span class='ocrx_word' id='word_1_139' title='bbox 1532 1885 1606 1954; x_wconf 74' lang='grc' dir='ltr'><strong><em>δὲ</em></strong></span> <span class='ocrx_word' id='word_1_140' title='bbox 1654 1887 1961 1973; x_wconf 79' lang='grc' dir='ltr'><strong><em>ἐποίησεν</em></strong></span> <span class='ocrx_word' id='word_1_141' title='bbox 2006 1889 2218 1973; x_wconf 83' lang='grc' dir='ltr'><strong><em>αὐτὴν</em></strong></span> 
     </span>
     <span class='ocr_line' id='line_1_18' title="bbox 182 1990 2218 2081; baseline 0.002 -24"><span class='ocrx_word' id='word_1_142' title='bbox 182 1990 292 2057; x_wconf 90' lang='grc' dir='ltr'><strong><em>καὶ</em></strong></span> <span class='ocrx_word' id='word_1_143' title='bbox 338 1992 502 2076; x_wconf 79' lang='grc' dir='ltr'><strong><em>ὕλης</em></strong></span> <span class='ocrx_word' id='word_1_144' title='bbox 547 1995 821 2080; x_wconf 76' lang='grc' dir='ltr'><strong><em>ἄμοιρός</em></strong></span> <span class='ocrx_word' id='word_1_145' title='bbox 868 1994 1080 2078; x_wconf 78' lang='grc' dir='ltr'><strong><em>ἐστιν,</em></strong></span> <span class='ocrx_word' id='word_1_146' title='bbox 1125 1997 1443 2080; x_wconf 78' lang='grc' dir='ltr'><strong><em>θαυμάζω</em></strong></span> <span class='ocrx_word' id='word_1_147' title='bbox 1489 2006 1629 2072; x_wconf 83' lang='grc' dir='ltr'><strong><em>πῶς</em></strong></span> <span class='ocrx_word' id='word_1_148' title='bbox 1675 1996 1797 2062; x_wconf 87' lang='grc' dir='ltr'><strong><em>οὐκ</em></strong></span> <span class='ocrx_word' id='word_1_149' title='bbox 1845 1996 2218 2081; x_wconf 82' lang='grc' dir='ltr'><strong><em>ἐσκόπησαν</em></strong></span> 
     </span>
     <span class='ocr_line' id='line_1_19' title="bbox 185 2094 2213 2186; baseline 0.003 -23"><span class='ocrx_word' id='word_1_150' title='bbox 185 2099 337 2163; x_wconf 76' lang='grc' dir='ltr'><strong><em>οὔτε</em></strong></span> <span class='ocrx_word' id='word_1_151' title='bbox 393 2094 588 2176; x_wconf 88' lang='grc' dir='ltr'><strong><em>οὗτος</em></strong></span> <span class='ocrx_word' id='word_1_152' title='bbox 643 2102 795 2166; x_wconf 78' lang='grc' dir='ltr'><strong><em>οὔτε</em></strong></span> <span class='ocrx_word' id='word_1_153' title='bbox 851 2102 916 2167; x_wconf 80' lang='grc' dir='ltr'><strong><em>οἱ</em></strong></span> <span class='ocrx_word' id='word_1_154' title='bbox 971 2100 1080 2167; x_wconf 85' lang='grc' dir='ltr'><strong><em>ἀπ’</em></strong></span> <span class='ocrx_word' id='word_1_155' title='bbox 1130 2101 1419 2186; x_wconf 79' lang='grc' dir='ltr'><strong><em>ἐκείνου,</em></strong></span> <span class='ocrx_word' id='word_1_156' title='bbox 1484 2102 1586 2167; x_wconf 81' lang='grc' dir='ltr'><strong><em>ὅτι</em></strong></span> <span class='ocrx_word' id='word_1_157' title='bbox 1617 2104 1701 2167; x_wconf 86' lang='grc' dir='ltr'><strong><em>ἐῑ</em></strong></span> <span class='ocrx_word' id='word_1_158' title='bbox 1738 2140 1826 2148; x_wconf 92' lang='lat'><strong><em>——</em></strong></span> <span class='ocrx_word' id='word_1_159' title='bbox 1863 2102 1898 2168; x_wconf 86' lang='grc' dir='ltr'><em>ὃ</em></span> <span class='ocrx_word' id='word_1_160' title='bbox 1955 2102 2213 2186; x_wconf 76' lang='grc' dir='ltr'><strong><em>λέγεται</em></strong></span> 
     </span>
     <span class='ocr_line' id='line_1_20' title="bbox 181 2200 2214 2293; baseline 0.003 -24"><span class='ocrx_word' id='word_1_161' title='bbox 181 2203 347 2271; x_wconf 75' lang='grc' dir='ltr'><strong><em>κατὰ</em></strong></span> <span class='ocrx_word' id='word_1_162' title='bbox 400 2206 525 2289; x_wconf 82' lang='grc' dir='ltr'><strong><em>τὴν</em></strong></span> <span class='ocrx_word' id='word_1_163' title='bbox 578 2206 799 2291; x_wconf 80' lang='grc' dir='ltr'><strong><em>ἀληθῆ</em></strong></span> <span class='ocrx_word' id='word_1_164' title='bbox 855 2207 1059 2286; x_wconf 80' lang='grc' dir='ltr'><strong><em>δόξαν</em></strong></span> <span class='ocrx_word' id='word_1_165' title='bbox 1115 2208 1217 2274; x_wconf 82' lang='grc' dir='ltr'><strong><em>ὅτι</em></strong></span> <span class='ocrx_word' id='word_1_166' title='bbox 1280 2210 1361 2274; x_wconf 81' lang='grc' dir='ltr'><strong><em>τὰ</em></strong></span> <span class='ocrx_word' id='word_1_167' title='bbox 1419 2207 1649 2292; x_wconf 79' lang='grc' dir='ltr'><strong><em>ἐφεξῆς</em></strong></span> <span class='ocrx_word' id='word_1_168' title='bbox 1711 2200 2029 2293; x_wconf 81' lang='grc' dir='ltr'><strong><em>μένοντος</em></strong></span> <span class='ocrx_word' id='word_1_169' title='bbox 2091 2219 2214 2275; x_wconf 89' lang='grc' dir='ltr'><strong><em>τοῦ</em></strong></span> 
     </span>
     <span class='ocr_line' id='line_1_21' title="bbox 105 2312 2215 2401; baseline 0.003 -26"><span class='ocrx_word' id='word_1_170' title='bbox 105 2334 157 2373; x_wconf 81' lang='lat'><strong><em>20</em></strong></span> <span class='ocrx_word' id='word_1_171' title='bbox 184 2318 354 2377; x_wconf 87' lang='grc' dir='ltr'><strong><em>θεοῦ</em></strong></span> <span class='ocrx_word' id='word_1_172' title='bbox 389 2312 785 2390; x_wconf 79' lang='grc' dir='ltr'><strong><em>ὑποστάσεις</em></strong></span> <span class='ocrx_word' id='word_1_173' title='bbox 822 2312 995 2379; x_wconf 81' lang='grc' dir='ltr'><strong><em>εἰσὶν</em></strong></span> <span class='ocrx_word' id='word_1_174' title='bbox 1016 2353 1105 2361; x_wconf 86' lang='grc'>-</span> <span class='ocrx_word' id='word_1_175' title='bbox 1131 2315 1256 2398; x_wconf 82' lang='grc' dir='ltr'><strong><em>τὴν</em></strong></span> <span class='ocrx_word' id='word_1_176' title='bbox 1292 2315 1583 2400; x_wconf 80' lang='grc' dir='ltr'><strong><em>δύναμιν</em></strong></span> <span class='ocrx_word' id='word_1_177' title='bbox 1617 2315 1867 2399; x_wconf 85' lang='grc' dir='ltr'><strong><em>ταύτην</em></strong></span> <span class='ocrx_word' id='word_1_178' title='bbox 1906 2315 2215 2401; x_wconf 79' lang='grc' dir='ltr'><strong><em>ἐποίησεν</em></strong></span> 
     </span>
     <span class='ocr_line' id='line_1_22' title="bbox 184 2417 2217 2506; baseline 0.002 -23"><span class='ocrx_word' id='word_1_179' title='bbox 184 2417 545 2503; x_wconf 86' lang='grc' dir='ltr'><strong><em>βουληθεὶς</em></strong></span> <span class='ocrx_word' id='word_1_180' title='bbox 588 2419 626 2486; x_wconf 85' lang='grc' dir='ltr'>ὁ</span> <span class='ocrx_word' id='word_1_181' title='bbox 671 2422 862 2504; x_wconf 79' lang='grc' dir='ltr'><strong><em>θεός,</em></strong></span> <span class='ocrx_word' id='word_1_182' title='bbox 915 2432 1055 2498; x_wconf 82' lang='grc' dir='ltr'><strong><em>πῶς</em></strong></span> <span class='ocrx_word' id='word_1_183' title='bbox 1101 2420 1252 2506; x_wconf 83' lang='grc' dir='ltr'><strong><em>οὐχὶ</em></strong></span> <span class='ocrx_word' id='word_1_184' title='bbox 1295 2420 1408 2485; x_wconf 85' lang='grc' dir='ltr'><strong><em>καὶ</em></strong></span> <span class='ocrx_word' id='word_1_185' title='bbox 1452 2432 1589 2486; x_wconf 82' lang='grc' dir='ltr'><strong><em>τῶν</em></strong></span> <span class='ocrx_word' id='word_1_186' title='bbox 1633 2423 1856 2488; x_wconf 74' lang='grc' dir='ltr'><strong><em>ἄλλων</em></strong></span> <span class='ocrx_word' id='word_1_187' title='bbox 1900 2423 2217 2488; x_wconf 78' lang='grc' dir='ltr'><strong><em>ἁπάντων</em></strong></span> 
     </span>
     <span class='ocr_line' id='line_1_23' title="bbox 183 2525 2214 2616; baseline 0.002 -25"><span class='ocrx_word' id='word_1_188' title='bbox 183 2537 321 2591; x_wconf 82' lang='grc' dir='ltr'><strong><em>τῶν</em></strong></span> <span class='ocrx_word' id='word_1_189' title='bbox 371 2525 752 2611; x_wconf 76' lang='grc' dir='ltr'><strong><em>γενομένων</em></strong></span> <span class='ocrx_word' id='word_1_190' title='bbox 806 2533 1017 2605; x_wconf 76' lang='grc' dir='ltr'><strong><em>αἴτιος</em></strong></span> <span class='ocrx_word' id='word_1_191' title='bbox 1075 2527 1334 2611; x_wconf 79' lang='grc' dir='ltr'><strong><em>ἐγένετο</em></strong></span> <span class='ocrx_word' id='word_1_192' title='bbox 1395 2525 1597 2594; x_wconf 75' lang='grc' dir='ltr'><strong><em>οὐδὲν</em></strong></span> <span class='ocrx_word' id='word_1_193' title='bbox 1649 2528 1814 2613; x_wconf 79' lang='grc' dir='ltr'><strong><em>ὕλης</em></strong></span> <span class='ocrx_word' id='word_1_194' title='bbox 1870 2530 2214 2616; x_wconf 79' lang='grc' dir='ltr'><strong><em>προὺπαρ-</em></strong></span> 
     </span>
     <span class='ocr_line' id='line_1_24' title="bbox 184 2631 2215 2720; baseline 0.002 -23"><span class='ocrx_word' id='word_1_195' title='bbox 184 2633 429 2717; x_wconf 82' lang='grc' dir='ltr'><strong><em>χούσης</em></strong></span> <span class='ocrx_word' id='word_1_196' title='bbox 480 2636 940 2719; x_wconf 79' lang='grc' dir='ltr'><strong><em>προσδεηθείς.</em></strong></span> <span class='ocrx_word' id='word_1_197' title='bbox 1029 2636 1110 2700; x_wconf 79' lang='grc' dir='ltr'><strong><em>τὰ</em></strong></span> <span class='ocrx_word' id='word_1_198' title='bbox 1163 2631 1287 2720; x_wconf 75' lang='grc' dir='ltr'><strong><em>μὲν</em></strong></span> <span class='ocrx_word' id='word_1_199' title='bbox 1334 2635 1416 2718; x_wconf 79' lang='grc' dir='ltr'><strong><em>δὴ</em></strong></span> <span class='ocrx_word' id='word_1_200' title='bbox 1465 2638 1837 2719; x_wconf 87' lang='grc' dir='ltr'><strong><em>φαινόμενα</em></strong></span> <span class='ocrx_word' id='word_1_201' title='bbox 1883 2638 2094 2702; x_wconf 77' lang='grc' dir='ltr'><strong><em>ἄτοπα</em></strong></span> <span class='ocrx_word' id='word_1_202' title='bbox 2142 2636 2215 2701; x_wconf 81' lang='grc' dir='ltr'><strong><em>ἐκ</em></strong></span> 
     </span>
    </p>
   </div>
   <div class='ocr_carea' id='block_1_3' title="bbox 182 2776 609 2785">
    <p class='ocr_par' dir='ltr' id='par_1_3' title="bbox 182 2776 609 2785">
     <span class='ocr_line' id='line_1_25' title="bbox 182 2776 609 2785; baseline 0 1015"><span class='ocrx_word' id='word_1_203' title='bbox 182 2776 609 2785; x_wconf 95' lang='lat' dir='ltr'><strong><em> </em></strong></span> 
     </span>
    </p>
   </div>
   <div class='ocr_carea' id='block_1_4' title="bbox 183 2859 2320 2985">
    <p class='ocr_par' dir='ltr' id='par_1_4' title="bbox 183 2859 2320 2985">
     <span class='ocr_line' id='line_1_26' title="bbox 183 2859 2320 2985; baseline 0.004 -74"><span class='ocrx_word' id='word_1_204' title='bbox 183 2928 262 2984; x_wconf 78' lang='lat' dir='ltr'><strong><em>IV</em></strong></span> <span class='ocrx_word' id='word_1_205' title='bbox 300 2864 416 2985; x_wconf 77' lang='grc'><strong><em>8196</em></strong></span> <span class='ocrx_word' id='word_1_206' title='bbox 449 2859 806 2917; x_wconf 74' lang='lat' dir='ltr'><strong>Platonicam</strong></span> <span class='ocrx_word' id='word_1_207' title='bbox 860 2860 1024 2932; x_wconf 77' lang='lat' dir='ltr'>dicit,</span> <span class='ocrx_word' id='word_1_208' title='bbox 1083 2862 1153 2919; x_wconf 82' lang='lat' dir='ltr'><strong><em>of.</em></strong></span> <span class='ocrx_word' id='word_1_209' title='bbox 1211 2880 1262 2919; x_wconf 80' lang='lat' dir='ltr'><strong><em>e.</em></strong></span> <span class='ocrx_word' id='word_1_210' title='bbox 1298 2882 1353 2934; x_wconf 85' lang='lat' dir='ltr'><strong><em>g.</em></strong></span> <span class='ocrx_word' id='word_1_211' title='bbox 1407 2863 1613 2918; x_wconf 74' lang='lat' dir='ltr'><strong>Plotia.</strong></span> <span class='ocrx_word' id='word_1_212' title='bbox 1651 2863 1702 2918; x_wconf 93' lang='lat' dir='ltr'><strong>V</strong></span> <span class='ocrx_word' id='word_1_213' title='bbox 1742 2870 1798 2934; x_wconf 90' lang='lat'><strong><em>1,</em></strong></span> <span class='ocrx_word' id='word_1_214' title='bbox 1839 2869 1888 2920; x_wconf 85' lang='lat'><strong><em>3.</em></strong></span> <span class='ocrx_word' id='word_1_215' title='bbox 1944 2863 2023 2917; x_wconf 86' lang='grc' dir='ltr'><strong><em>ΙΙΙ</em></strong></span> <span class='ocrx_word' id='word_1_216' title='bbox 2059 2868 2119 2932; x_wconf 88' lang='lat'><strong><em>3,</em></strong></span> <span class='ocrx_word' id='word_1_217' title='bbox 2160 2868 2211 2920; x_wconf 79' lang='lat'><strong><em>7.</em></strong></span> <span class='ocrx_word' id='word_1_218' title='bbox 2317 2873 2320 2876; x_wconf 83' lang='lat'>&#39;</span> 
     </span>
    </p>
   </div>
   <div class='ocr_carea' id='block_1_5' title="bbox 183 3061 610 3069">
    <p class='ocr_par' dir='ltr' id='par_1_5' title="bbox 183 3061 610 3069">
     <span class='ocr_line' id='line_1_27' title="bbox 183 3061 610 3069; baseline 0 731"><span class='ocrx_word' id='word_1_219' title='bbox 183 3061 610 3069; x_wconf 95' lang='lat' dir='ltr'><strong><em> </em></strong></span> 
     </span>
    </p>
   </div>
   <div class='ocr_carea' id='block_1_6' title="bbox 185 3141 2213 3571">
    <p class='ocr_par' dir='ltr' id='par_1_6' title="bbox 185 3141 2213 3571">
     <span class='ocr_line' id='line_1_28' title="bbox 326 3141 2067 3217; baseline 0.001 -18"><span class='ocrx_word' id='word_1_220' title='bbox 326 3151 359 3199; x_wconf 85' lang='lat'><strong>3</strong></span> <span class='ocrx_word' id='word_1_221' title='bbox 396 3144 435 3198; x_wconf 89' lang='lat' dir='ltr'><strong><em>f.</em></strong></span> <span class='ocrx_word' id='word_1_222' title='bbox 476 3141 536 3199; x_wconf 80' lang='grc' dir='ltr'><strong><em>οἷ</em></strong></span> <span class='ocrx_word' id='word_1_223' title='bbox 567 3143 723 3199; x_wconf 79' lang='grc' dir='ltr'><strong><em>ἄλλοι</em></strong></span> <span class='ocrx_word' id='word_1_224' title='bbox 760 3141 910 3217; x_wconf 68' lang='lat' dir='ltr'><strong><em>(ol)</em></strong></span> <span class='ocrx_word' id='word_1_225' title='bbox 947 3144 1061 3199; x_wconf 80' lang='grc' dir='ltr'><strong><em>ἀπὸ</em></strong></span> <span class='ocrx_word' id='word_1_226' title='bbox 1098 3165 1143 3200; x_wconf 86' lang='grc' dir='ltr'><strong><em>τ.</em></strong></span> <span class='ocrx_word' id='word_1_227' title='bbox 1181 3165 1227 3201; x_wconf 90' lang='grc' dir='ltr'><strong><em>τ.</em></strong></span> <span class='ocrx_word' id='word_1_228' title='bbox 1392 3152 1423 3200; x_wconf 89' lang='grc'><strong>6</strong></span> <span class='ocrx_word' id='word_1_229' title='bbox 1462 3146 1692 3202; x_wconf 75' lang='grc' dir='ltr'><strong><em>εὔνοιαν</em></strong></span> <span class='ocrx_word' id='word_1_230' title='bbox 1727 3146 1810 3200; x_wconf 75' lang='lat' dir='ltr'><strong><em>M:</em></strong></span> <span class='ocrx_word' id='word_1_231' title='bbox 1848 3163 1987 3203; x_wconf 77' lang='lat' dir='ltr'>corr,</span> <span class='ocrx_word' id='word_1_232' title='bbox 2026 3145 2067 3201; x_wconf 86' lang='lat' dir='ltr'>C</span> 
     </span>
     <span class='ocr_line' id='line_1_29' title="bbox 186 3213 2079 3287; baseline 0.001 -19"><span class='ocrx_word' id='word_1_233' title='bbox 186 3213 626 3285; x_wconf 68' lang='grc' dir='ltr'><strong><em>ἀπενηνοχέναιι</em></strong></span> <span class='ocrx_word' id='word_1_234' title='bbox 665 3213 979 3284; x_wconf 75' lang='lat' dir='ltr'>expectaris</span> <span class='ocrx_word' id='word_1_235' title='bbox 1017 3215 1341 3287; x_wconf 77' lang='grc' dir='ltr'><strong><em>ἀγηοχέναι,</em></strong></span> <span class='ocrx_word' id='word_1_236' title='bbox 1378 3234 1483 3272; x_wconf 82' lang='lat' dir='ltr'><strong><em>nec</em></strong></span> <span class='ocrx_word' id='word_1_237' title='bbox 1517 3220 1710 3272; x_wconf 76' lang='lat' dir='ltr'><strong>tamen</strong></span> <span class='ocrx_word' id='word_1_238' title='bbox 1744 3218 2079 3272; x_wconf 75' lang='lat' dir='ltr'><strong>mutandum</strong></span> 
     </span>
     <span class='ocr_line' id='line_1_30' title="bbox 188 3284 2213 3380; baseline 0.002 -42"><span class='ocrx_word' id='word_1_239' title='bbox 188 3290 221 3337; x_wconf 83' lang='lat'>8</span> <span class='ocrx_word' id='word_1_240' title='bbox 259 3288 481 3341; x_wconf 80' lang='grc' dir='ltr'><strong><em>πώποτε</em></strong></span> <span class='ocrx_word' id='word_1_241' title='bbox 518 3286 578 3340; x_wconf 86' lang='grc' dir='ltr'>Μ</span> <span class='ocrx_word' id='word_1_242' title='bbox 686 3284 1054 3356; x_wconf 68' lang='grc' dir='ltr'><strong><em>καταπέμψαι</em></strong></span> <span class='ocrx_word' id='word_1_243' title='bbox 1089 3287 1149 3340; x_wconf 84' lang='grc' dir='ltr'><strong>Μ</strong></span> <span class='ocrx_word' id='word_1_244' title='bbox 1270 3293 1337 3342; x_wconf 82' lang='grc'><strong><em>13</em></strong></span> <span class='ocrx_word' id='word_1_245' title='bbox 1376 3289 1539 3380; x_wconf 63' lang='grc' dir='ltr'><strong><em>[πῶς]</em></strong></span> <span class='ocrx_word' id='word_1_246' title='bbox 1578 3287 1780 3358; x_wconf 79' lang='lat' dir='ltr'>delevi,</span> <span class='ocrx_word' id='word_1_247' title='bbox 1817 3287 1999 3358; x_wconf 76' lang='lat' dir='ltr'>possis</span> <span class='ocrx_word' id='word_1_248' title='bbox 2038 3287 2213 3342; x_wconf 73' lang='lat' dir='ltr'><strong>etiam</strong></span> 
     </span>
     <span class='ocr_line' id='line_1_31' title="bbox 186 3353 2211 3428; baseline 0.003 -22"><span class='ocrx_word' id='word_1_249' title='bbox 186 3353 427 3407; x_wconf 74' lang='lat' dir='ltr'><strong>alterum</strong></span> <span class='ocrx_word' id='word_1_250' title='bbox 463 3365 581 3418; x_wconf 84' lang='grc' dir='ltr'><strong><em>πῶς</em></strong></span> <span class='ocrx_word' id='word_1_251' title='bbox 616 3356 828 3414; x_wconf 81' lang='lat' dir='ltr'>delere:</span> <span class='ocrx_word' id='word_1_252' title='bbox 868 3353 911 3411; x_wconf 76' lang='grc' dir='ltr'><strong><em>ἒ.</em></strong></span> <span class='ocrx_word' id='word_1_253' title='bbox 974 3366 1090 3419; x_wconf 85' lang='grc' dir='ltr'><strong><em>πῶς</em></strong></span> <span class='ocrx_word' id='word_1_254' title='bbox 1154 3353 1322 3426; x_wconf 78' lang='grc' dir='ltr'><strong><em>ἔστιν,</em></strong></span> <span class='ocrx_word' id='word_1_255' title='bbox 1350 3368 1467 3421; x_wconf 83' lang='grc' dir='ltr'><strong><em>πῶς</em></strong></span> <span class='ocrx_word' id='word_1_256' title='bbox 1502 3363 1637 3428; x_wconf 85' lang='grc' dir='ltr'><strong><em>υλης</em></strong></span> <span class='ocrx_word' id='word_1_257' title='bbox 1672 3354 1783 3414; x_wconf 77' lang='grc' dir='ltr'><strong><em>κτὲ.</em></strong></span> <span class='ocrx_word' id='word_1_258' title='bbox 1841 3360 1911 3413; x_wconf 84' lang='lat' dir='ltr'><strong><em>de</em></strong></span> <span class='ocrx_word' id='word_1_259' title='bbox 1946 3358 2055 3413; x_wconf 86' lang='lat' dir='ltr'><strong><em>hoc</em></strong></span> <span class='ocrx_word' id='word_1_260' title='bbox 2086 3375 2211 3413; x_wconf 81' lang='lat' dir='ltr'>cor-</span> 
     </span>
     <span class='ocr_line' id='line_1_32' title="bbox 185 3424 2211 3500; baseline 0.006 -26"><span class='ocrx_word' id='word_1_261' title='bbox 185 3424 534 3500; x_wconf 59' lang='lat' dir='ltr'><strong>fuptelarum</strong></span> <span class='ocrx_word' id='word_1_262' title='bbox 587 3441 791 3493; x_wconf 83' lang='lat' dir='ltr'>genere</span> <span class='ocrx_word' id='word_1_263' title='bbox 847 3428 916 3482; x_wconf 82' lang='lat' dir='ltr'><strong><em>cf.</em></strong></span> <span class='ocrx_word' id='word_1_264' title='bbox 1009 3445 1044 3482; x_wconf 82' lang='lat' dir='ltr'><strong><em>a.</em></strong></span> <span class='ocrx_word' id='word_1_265' title='bbox 1108 3445 1179 3482; x_wconf 81' lang='lat' dir='ltr'><strong><em>en</em></strong></span> <span class='ocrx_word' id='word_1_266' title='bbox 1233 3430 1310 3483; x_wconf 80' lang='lat' dir='ltr'><strong><em>ad.</em></strong></span> <span class='ocrx_word' id='word_1_267' title='bbox 1358 3430 1590 3485; x_wconf 76' lang='lat' dir='ltr'><strong>Aristot.</strong></span> <span class='ocrx_word' id='word_1_268' title='bbox 1645 3431 1825 3498; x_wconf 49' lang='lat' dir='ltr'><strong><em>potitss</em></strong></span> <span class='ocrx_word' id='word_1_269' title='bbox 1876 3448 1932 3499; x_wconf 90' lang='lat' dir='ltr'><strong><em>p.</em></strong></span> <span class='ocrx_word' id='word_1_270' title='bbox 1964 3435 2068 3484; x_wconf 79' lang='lat'><strong><em>265</em></strong></span> <span class='ocrx_word' id='word_1_271' title='bbox 2098 3447 2211 3499; x_wconf 80' lang='lat' dir='ltr'><strong>sq.;</strong></span> 
     </span>
     <span class='ocr_line' id='line_1_33' title="bbox 186 3490 1711 3571; baseline 0.01 -29"><span class='ocrx_word' id='word_1_272' title='bbox 186 3490 336 3542; x_wconf 81' lang='lat' dir='ltr'><strong>mfra</strong></span> <span class='ocrx_word' id='word_1_273' title='bbox 370 3509 426 3559; x_wconf 85' lang='lat' dir='ltr'><strong><em>p.</em></strong></span> <span class='ocrx_word' id='word_1_274' title='bbox 456 3498 541 3561; x_wconf 77' lang='lat'><strong><em>27,</em></strong></span> <span class='ocrx_word' id='word_1_275' title='bbox 570 3500 634 3545; x_wconf 93' lang='lat'><strong><em>11</em></strong></span> <span class='ocrx_word' id='word_1_276' title='bbox 800 3502 867 3550; x_wconf 80' lang='lat'><strong><em>14</em></strong></span> <span class='ocrx_word' id='word_1_277' title='bbox 904 3517 1044 3567; x_wconf 80' lang='grc' dir='ltr'><strong><em>αντη</em></strong></span> <span class='ocrx_word' id='word_1_278' title='bbox 1082 3499 1165 3553; x_wconf 76' lang='lat' dir='ltr'><strong><em>M:</em></strong></span> <span class='ocrx_word' id='word_1_279' title='bbox 1203 3517 1341 3557; x_wconf 81' lang='lat' dir='ltr'>corr,</span> <span class='ocrx_word' id='word_1_280' title='bbox 1380 3501 1711 3571; x_wconf 81' lang='lat' dir='ltr'><strong>apographa.</strong></span> 
     </span>
    </p>
   </div>
  </div>
 </body>
</html>
