2484 3800
147 135 382 190 XXVIII
962 135 1359 188 PRAEFATIO

153 298 460 362 doctrinis
497 298 998 382 impertirentur,
1041 296 1280 360 Photio
1328 295 1408 359 ab
1457 295 1651 359 exilio
1697 300 1993 361 revocato
2031 320 2179 381 pro-

149 405 328 469 vidit.
424 403 564 469 Sibi
626 404 752 489 ipsi
813 427 894 469 ne
958 405 1322 468 litterarum
1384 424 1646 487 prorsus
1711 403 1956 467 deesset
2018 403 2178 490 laus,

150 511 310 575 duos
338 511 610 597 libellos,
637 509 1058 597 παραινέσεις
1092 510 1259 595 πρὸς
1295 510 1413 574 τὸν
1443 506 1683 576 ἑαυτοῦ
1718 511 1872 574 υἱὸν
1897 509 2176 594 Λέοντα,

149 618 206 681 si
241 640 375 683 non
411 618 668 701 scripsit
681 614 752 703 ¹),
799 621 868 681 at
905 620 1076 681 certe
1112 616 1441 699 scripsisse
1477 616 1687 680 voluit
1721 616 1942 682 videri.
2015 616 2179 680 Eius

151 724 230 787 ad
293 746 481 788 usum
556 728 851 788 exaratus
925 728 1022 788 est
1087 721 1384 808 Gregorii
1447 721 1514 788 N
1515 723 1836 787 azianzeni
1910 744 2177 807 operum

149 831 349 894 codex
394 830 595 894 totius
642 831 868 894 domus
912 829 1247 916 Augustae
1302 830 1659 894 simulacris
1705 833 1969 893 ornatus
2014 830 2177 893 mul-

149 937 361 1020 tisque
408 937 550 1000 aliis
595 938 868 1021 picturis
915 937 1256 1000 distinctus
1265 987 1283 1021 ‚
1334 937 1664 1022 egregium
1709 935 1900 1000 hodie
1946 936 2181 1000 biblio—

150 1041 373 1105 thecae
417 1042 797 1107 Parisiensis
855 1040 1128 1129 decus.2)
1200 1042 1467 1106 Maioris
1511 1064 1662 1106 vero
1721 1046 1818 1106 est
1865 1043 2178 1107 momenti

151 1149 324 1232 quod
359 1148 585 1212 Basilii
623 1150 1005 1213 auctoritate
1041 1153 1333 1232 nutuque
1371 1170 1505 1213 sese
1543 1148 1622 1212 ad
1654 1148 2178 1213 Manichaeorum

150 1254 506 1318 doctrinam
543 1255 1046 1341 impugnandam
1082 1255 1427 1319 adductum
1465 1277 1598 1319 esse
1635 1258 1910 1320 testatur
1943 1255 2176 1321 Petrus

150 1358 420 1425 Siculus.
434 1358 487 1448 3)
569 1360 786 1446 Atque
846 1362 1037 1426 sicuti
1092 1361 1515 1425 barbarorum
1580 1365 1803 1447 gentes
1865 1363 2174 1427 finitimas

148 1467 228 1530 ad
274 1467 377 1532 dei
413 1469 658 1532 cultum
698 1468 949 1533 erudire
986 1468 1254 1553 studuit,
1299 1466 1569 1532 Iudaeos
1605 1468 1859 1552 imperii
1896 1468 2174 1533 Romani

148 1574 392 1638 incolas
431 1575 880 1660 qualicumque
917 1575 1107 1639 modo
1155 1575 1235 1638 ad
1281 1573 1520 1639 Christi
1565 1574 1757 1639 fidem
1804 1579 2174 1640 convertere

149 1681 362 1744 enisus
409 1686 523 1767 est,
567 1704 852 1768 paganos
901 1685 1060 1766 quot
1103 1685 1478 1766 supererant
1519 1703 1781 1766 graecos
1818 1682 1899 1745 ad
1934 1682 2175 1766 baptis-

146 1810 323 1850 mum
361 1786 660 1875 adegiffl),
699 1787 947 1852 Arabes
992 1792 1066 1851 ut
1113 1788 1193 1851 ad
1227 1810 1445 1852 veram
1491 1788 1870 1873 religionem
1914 1793 2176 1853 vocaret

145 1892 442 1959 Nicetam
497 1893 957 1981 philosophum
1014 1894 1444 1978 Byzantinum
1491 1893 1877 1960 Mahometis
1930 1895 2171 1960 librum

145 2000 526 2087 redarguere
571 2002 760 2067 iussit
805 2002 927 2067 οὐκ
973 2001 1369 2086 ἀνεχόμενος
1406 2050 1420 2065 .
1450 2051 1464 2065 .
1494 2050 1508 2065 .
1555 2003 1857 2088 βάρβαρα
1904 2003 2173 2087 σώματα

145 2110 355 2191 μόνον
400 2116 816 2193 τροποῦσθαι
862 2109 1226 2191 πανάθλια,
1275 2108 1332 2172 εἰ
1378 2108 1465 2192 μὴ
1511 2106 1621 2173 καὶ
1666 2111 1881 2193 ψυχὰς
1924 2109 2174 2193 θεομά-

289 2353 341 2421 1)
380 2350 460 2407 cf.
497 2352 948 2421 Hergenroether
983 2352 1020 2407 1.
1059 2369 1106 2409 c.
1135 2352 1214 2407 111
1249 2370 1304 2422 p.
1333 2357 1456 2407 242.

287 2441 341 2510 2)
380 2440 461 2496 cf.
498 2440 864 2495 Montfaucon
918 2440 1029 2511 pal.
1078 2457 1263 2510 graec.
1320 2459 1374 2509 p.
1403 2446 1510 2495 250
1531 2458 1651 2510 sqq.
1708 2443 1766 2496 et
1818 2441 1885 2497 H.
1934 2441 2170 2497 Bordier

142 2530 499 2599 Description
534 2531 627 2585 des
654 2531 939 2600 peintmes
974 2531 1116 2585 dans
1161 2531 1236 2585 les
1272 2546 1393 2585 mse.
1429 2547 1580 2601 yrecs
1615 2532 1681 2585 de
1717 2531 1774 2585 la
1811 2532 2171 2603 bibliotheque

142 2618 427 2673 nationale
455 2617 656 2687 (Paris.
688 2620 849 2688 1883)
884 2638 939 2687 p.
970 2623 1037 2672 62
1060 2636 1180 2686 sqq.
1235 2618 1453 2672 Eodem
1487 2617 1827 2688 imperatore
1864 2621 1950 2690 (ut
1975 2621 2172 2674 monet

143 2704 375 2775 Usener)
413 2706 522 2760 duo
563 2705 774 2775 scripta
811 2710 942 2761 sunt
985 2706 1311 2761 tabularum
1357 2706 1857 2761 astronomicarum
1908 2723 1944 2761 a
1979 2707 2165 2762 Ptole·

142 2810 303 2849 maeo
332 2796 391 2847 et
408 2793 636 2848 Theons
657 2792 1096 2863 compositarum
1119 2797 1250 2864 (τῶν
1267 2797 1579 2865 προχείρων
1608 2797 1887 2864 κανόνων)
1909 2795 2166 2864 exempla

144 2880 528 2937 Florentinum
576 2881 758 2951 (Laur.
799 2887 884 2951 28,
922 2886 1012 2952 26)
1060 2885 1119 2937 et
1161 2882 1434 2937 Leidense
1481 2886 1584 2954 (gr.
1627 2887 1742 2953 78);
1798 2886 1968 2951 atque
2020 2882 2165 2937 illud

140 2972 261 3024 tam
316 2970 609 3040 splendide
667 2972 999 3024 exornatum
1049 2974 1161 3041 est,
1210 2974 1275 3026 ut
1318 2971 1379 3026 in
1420 2990 1586 3027 usum
1630 2972 1828 3026 domus
1873 2972 2166 3042 Augustae

142 3058 410 3131 scriptum
449 3075 572 3113 esse
609 3057 780 3113 facile
817 3057 1080 3114 conicias.

283 3150 339 3218 3)
376 3147 457 3204 cf.
495 3146 628 3202 hist.
667 3145 1126 3202 Manichaeorum
1163 3165 1207 3204 c.
1237 3153 1323 3204 43.

184 3276 187 3280 ⁷
282 3240 339 3307 4)
378 3236 458 3292 cf.
489 3236 564 3290 ad
593 3235 734 3290 haec
762 3236 951 3290 omnia
970 3237 1243 3292 Bandurii
1270 3237 1460 3294 adnot.
1490 3238 1564 3292 ad
1584 3237 1869 3293 Constant.
1891 3237 2159 3307 Porphyr.

142 3322 212 3378 de
250 3323 562 3379 administr.
590 3323 724 3394 imp.
756 3341 802 3379 c.
835 3330 902 3378 36
930 3324 1073 3392 init„
1101 3326 1552 3396 Hergenroether
1587 3326 1623 3381 1.
1655 3342 1701 3381 c.
1730 3326 1783 3380 II
1817 3343 1872 3396 p.
1896 3330 2001 3381 694
2020 3344 2160 3397 sqq,

142 3410 346 3465 Hirsch
390 3413 628 3482 Byzanti.
669 3412 823 3468 stud.
862 3432 916 3482 p.
948 3418 1052 3468 255
1101 3416 1229 3470 adn.
1262 3421 1312 3470 6.
1384 3416 1545 3469 Adde
1588 3414 1812 3469 Nicolai
1854 3415 2159 3485 patriarch.

145 3514 229 3566 ep.
263 3503 363 3551 139
399 3498 573 3566 Mign.
614 3499 734 3553 CXI
769 3519 822 3571 p.
853 3507 974 3558 365.
