2484 3800
754 116 954 166 ΠΡΟΣ
989 116 1133 166 'mx
1169 115 1584 168 MAmxAm‘r
1620 110 1863 173 ΔΟΞΑΣ
2229 114 2315 177 25

291 277 536 343 τούτου
571 285 866 361 τοιαῦτα,
905 275 1191 361 ἑπόμενα
1226 273 1302 342 δὲ
1338 278 1419 342 τά
1455 274 1617 360 ἑξῆς.
1671 270 1802 363 ἆρά
1837 300 1906 342 τε
1942 278 2070 364 γὰρ
2108 277 2319 361 φύσιν

291 380 470 469 εἶχεν
520 385 561 468 ἡ
618 385 901 468 δύναμις
954 383 1100 470 ῥεῖν
1163 383 1271 449 ἐπὶ
1332 385 1455 467 τὴν
1516 383 1715 468 {unm
1777 383 1818 467 ἢ
1871 385 2050 470 παρὰ
2109 385 2318 468 φύσιν

288 487 378 576 ἦν
423 491 588 577 αὐτῇ
647 501 873 571 τοῦτο;
935 502 1074 568 πῶς
1128 486 1254 556 οὖν
1310 490 1577 575 ἐμίχθη;
1634 492 1692 556 εἰ
1746 487 1820 555 δὲ
1882 491 2046 555 κατὰ
2109 491 2320 574 φύσιν

292 598 458 684 αὐτῇ
515 607 742 682 τοῦτο,
796 599 1060 674 πάντως
1111 619 1247 663 που
1300 596 1409 662 καὶ
1464 596 1566 663 ἀεὶ
1623 600 1752 663 σὺν
1795 607 1873 683 τῇ
1919 597 2046 683 ὕλῃ
2092 592 2203 680 ἧν·
2260 598 2318 661 εἰ

294 701 369 769 δὲ
426 713 655 789 τοῦτο,
718 716 857 782 πῶς
918 715 1133 781 κακῶς
1195 705 1319 788 τὴν
1381 704 1554 788 ὕλην
1611 704 2055 789 ἀγορεύουσιν
2111 715 2318 788 μῖγμα
2372 725 2397 765 5

295 806 507 876 οὖσαν
554 811 617 890 ἐξ,
665 810 868 897 ἀρχῆς
911 812 1078 896 πρὸς
1121 812 1246 895 τὴν
1289 815 1491 877 θείαν
1536 811 1853 895 δύναμιν;
1905 823 2045 887 πῶς
2088 807 2163 876 δὲ
2207 809 2318 875 καὶ

293 919 712 1004 φθαρήσεται
756 921 1107 1002 μιχθείσης
1151 926 1268 1001 τῆς
1301 920 1494 993 θείας
1531 918 1874 1001 δυνάμεως
1908 919 2074 1004 πρὸς
2111 917 2320 1001 αὐτὴν

293 1023 813 1110 ἀποχωρησάσης
838 1022 1003 1089 ποτέ
1009 1053 1026 1104 ;
1063 1026 1301 1111 ἔσῳζεν
1337 1026 1464 1110 γὰρ
1503 1025 1586 1107 δὴ
1623 1026 1705 1089 τὰ
1739 1025 1907 1089 καλὰ
1943 1023 2053 1089 καὶ
2092 1023 2321 1111 ἑτέρου

290 1132 474 1207 τινὸς
518 1129 784 1213 ἀγαθοῦ
831 1136 1008 1195 αἴτια
1053 1134 1407 1213 γίγνεσθαι
1454 1121 1555 1207 οἷς
1600 1129 1685 1195 ἂν
1729 1141 1903 1217 παρῇ
1950 1132 2233 1214 εὔλογον
2277 1130 2317 1215 ἢ

293 1239 682 1324 διαφθορὰν
736 1235 777 1320 ἢ
829 1238 991 1303 ἄλλο
1056 1260 1120 1301 τι
1183 1238 1390 1301 κακὸν
1451 1236 1681 1323 ἕτερον
1746 1236 2015 1320 ἐπάγειν
2077 1237 2318 1314 αὐτοῖς.
2348 1260 2401 1299 10

290 1342 516 1409 XVIII
569 1345 645 1409 τὸ
691 1341 815 1428 μὲν
859 1346 988 1430 γὰρ
1027 1344 1109 1427 δὴ
1149 1344 1365 1436 σοφὸν
1400 1345 1474 1409 τὸ
1512 1347 1875 1428 λεγόμενον
1914 1342 1921 1431 Ι
1962 1343 2072 1410 ὑπ’
2100 1344 2322 1410 αὐτῶν
2340 1362 2479 1418 [187

293 1450 508 1517 ἐκεῖνό
555 1451 756 1535 ἐστιν,
802 1452 905 1517 ὅτι
950 1452 1169 1537 ὥσπερ
1217 1450 1477 1537 ὁρῶμεν
1521 1460 1637 1534 τῆς
1679 1459 1895 1536 ψυχῆς
1938 1461 2059 1516 τοῦ
2106 1454 2320 1537 σώμα-

290 1582 404 1633 τος
458 1556 973 1642 ἀποζευχθείσης
1017 1557 1092 1622 τὸ
1140 1569 1327 1641 σῶμα
1382 1557 1543 1622 αὐτὸ
1600 1557 2091 1642 ἀπολλύμενον,
2146 1558 2319 1624 οὕτω

289 1662 402 1728 καὶ
448 1672 564 1747 τῆς
610 1665 952 1748 δυνάμεως
998 1663 1276 1749 ἀφείσης
1320 1665 1444 1748 τὴν
1486 1664 1659 1748 ὕλην
1703 1665 1776 1729 τὸ
1824 1667 2322 1748 λειπόμενον-

293 1772 456 1857 ὅπερ
487 1769 668 1836 ἐστὶν
694 1771 735 1855 ἡ
762 1770 987 1855 ὕλη-
1003 1767 1333 1836 διαλυθὲν
1359 1773 1707 1855 οἰχήσεται.
1752 1782 2018 1857 πρῶτον
2044 1768 2167 1856 μὲν
2193 1774 2320 1858 γὰρ
2350 1793 2400 1834 15

293 1878 419 1963 οὐχ
473 1877 723 1965 ὁρῶσιν
768 1879 870 1944 ὅτι
924 1889 1059 1943 τῶν
1104 1880 1322 1944 ὄντων
1367 1874 1569 1944 οὐδὲν
1614 1869 1762 1944 οἶόν
1818 1876 1999 1943 ἐστιν
2049 1880 2322 1965 φθείρε-

295 1993 459 2051 σθαι
507 1987 600 2062 sig
644 1986 719 2050 τὸ
766 1986 854 2069 μὴ
901 1986 1002 2068 ὅν,
1047 1986 1122 2049 τὸ
1169 1987 1297 2070 γὰρ
1352 1986 1440 2069 μὴ
1498 1984 1577 2049 ὃν
1623 1984 1745 2049 οὐκ
1799 1986 2007 2050 ἔστιν·
2063 1987 2321 2051 διασκε-

293 2089 686 2157 δασθέντων
722 2088 796 2156 δὲ
841 2102 976 2156 τῶν
1013 2092 1335 2176 σωμάτων
1378 2089 1489 2156 καὶ
1535 2094 1907 2175 μεταβολήν
1941 2116 2091 2157 τινα
2129 2095 2320 2180 σχόν-

291 2222 429 2263 των
473 2199 777 2275 διάλυσις
828 2201 1112 2282 γίνεται,
1167 2199 1335 2266 ὥστε
1388 2199 1462 2264 τὸ
1509 2194 1633 2282 μὲν
1678 2200 1773 2274 εἰς
1824 2207 1954 2282 γῆν
2000 2199 2321 2265 ἀπελθεῖν

291 2305 367 2369 τὸ
434 2300 509 2369 δὲ
568 2306 662 2381 εἰς
724 2303 886 2390 ἀέρα
948 2305 1024 2369 τὸ
1089 2302 1163 2370 δὲ
1227 2306 1323 2381 εἰς
1395 2307 1558 2371 ἄλλο
1631 2328 1713 2369 τι.
1803 2308 2027 2370 ἔπειτα
2089 2302 2163 2370 δὲ
2237 2306 2319 2371 οὐ
2349 2329 2399 2368 20

292 2410 656 2496 μέμνηνται
703 2412 807 2477 ὅτι
860 2414 1126 2495 κίνησιν
1171 2413 1457 2477 ἄτακτον
1498 2412 1934 2478 ὑποτίθενται
1980 2407 2152 2477 εἶναι
2197 2414 2321 2496 τὴν

291 2518 480 2602 ὕλην.
553 2520 627 2584 τὸ
683 2516 758 2584 δὲ
804 2517 890 2583 δι’
928 2518 1089 2584 αὑτὸ
1144 2519 1546 2603 κινούμενον
1589 2516 1699 2583 καὶ
1756 2513 1838 2583 οὗ
1894 2517 2076 2584 ἐστιν
2124 2519 2320 2584 οὐσία

293 2624 335 2709 ἡ
381 2627 669 2709 κίνησις,
715 2624 883 2691 ἀλλὰ
936 2627 1025 2710 μὴ
1084 2627 1249 2690 κατὰ
1304 2626 1714 2711 συμβεβηκὸς
1775 2625 2056 2711 ὑπάρχει
2119 2625 2319 2713 αὐτῷ,

270 2721 430 2808 ’πῶς
503 2734 785 2815 εὔλογον
855 2741 971 2814 τῆς
1041 2733 1385 2816 δυνάμεως
1446 2731 1870 2815 ἀπελθούσης
1931 2732 2320 2798 παύσασθαι

292 2848 415 2905 τοῦ
471 2840 632 2926 ὅπερ
688 2834 773 2922 ἦν
830 2837 993 2925 πρὶν
1046 2837 1157 2903 καὶ
1211 2839 1335 2922 τὴν
1389 2839 1679 2923 δύναμιν
1729 2840 1824 2915 εἰς
1879 2839 2040 2904 αὐτὸ
2095 2845 2318 2905 κατελ-
2348 2858 2399 2900 25

290 2954 475 3027 θεῖν;
522 2946 643 3030 οὐχ
681 2944 886 3032 ὁρῶσι
923 2942 997 3010 δὲ
1033 2947 1108 3010 τὸ
1145 2946 1627 3031 παραλλάττον,
1666 2946 1768 3011 ὅτι
1803 2956 1939 3010 πᾶν
1974 2941 2096 3029 μὲν
2134 2957 2319 3030 σῶμα

291 3061 507 3138 ψυχῆς
553 3055 836 3138 ἄμοιρον
881 3051 1198 3136 ἀκίνητον
1224 3091 1313 3097 ——
1341 3054 1474 3136 ἔχει
1519 3054 1646 3138 γὰρ
1692 3049 1802 3116 καὶ
1847 3054 1928 3116 τὰ
1974 3053 2151 3135 φυτὰ
2196 3052 2319 3134 τὴν

292 3161 582 3244 φυτικὴν
644 3162 867 3243 ψυχήν
900 3197 1018 3242 -,
1080 3167 1196 3241 τῆς
1259 3155 1333 3223 δὲ
1396 3158 1560 3241 ὕλης
1623 3157 1833 3241 αὐτὴν
1896 3158 2018 3240 τὴν
2049 3157 2318 3222 οὐσίαν

439 3359 468 3406 1
508 3347 620 3421 ἆρά
657 3371 719 3421 γε
758 3350 798 3406 C
943 3356 976 3404 3
1014 3353 1148 3405 ante
1197 3358 1317 3412 πῶς
1350 3350 1575 3404 videtur
1611 3346 1885 3403 excidisse
1922 3349 2038 3403 tale
2081 3347 2182 3474 ἳεί
2213 3349 2314 3419 μὲν

292 3422 398 3493 γὰρ
436 3424 593 3493 παρὰ
630 3423 802 3491 φύσιν
839 3415 912 3492 ἦν
950 3424 1091 3492 αὐτῇ
1128 3421 1355 3494 τοῦτα)
1492 3427 1523 3475 ὅ
1562 3422 1736 3491 μίγμα
1773 3419 1830 3472 Μ
1868 3422 2104 3473 constan
2133 3437 2193 3474 er
2477 3439 2478 3442 ¹

294 3500 327 3548 8
364 3500 401 3569 tf.
443 3494 635 3567 σῴζειν
786 3499 851 3547 16
887 3493 925 3546 f.
967 3491 1133 3548 οὐδέν
1173 3488 1323 3547 ἐστιν
1362 3490 1483 3546 οἷον
1555 3500 1560 3506 ’
1611 3497 1678 3544 23
1715 3489 1937 3560 ὑπάρχῃ
1975 3490 2059 3547 Me
2098 3508 2233 3546 con.
2274 3489 2314 3544 C
2475 3447 2478 3582 4
