2484 3800
735 128 936 180 ΠΡΟΣ
972 127 1113 179 ΤΑΣ
1149 126 1564 179 MANIXAIOT
1599 122 1842 185 ΔΟΞΔΣ
2263 123 2299 187 7

279 291 525 375 χρόνον
570 297 830 372 τοῦτον,
876 293 1348 374 πληρωθεῖσαν
1394 284 1469 352 δὲ
1517 286 1590 352 ἐν
1634 297 1777 363 ταῖς
1822 287 2175 370 μειώσεσιν
2211 289 2304 364 εἰς
2423 284 2446 309 ⁰

280 396 402 459 τὸν
445 395 640 477 ἥλιον
684 394 1119 480 ἀναπέμπειν·
1165 395 1285 460 τὸν
1322 391 1396 460 δὲ
1431 395 1597 479 πρὸς
1646 394 1765 458 τὸν
1799 395 1969 459 θεὸν
2013 392 2304 479 ἀφιέναι,

281 503 650 585 ποιήσαντα
714 497 789 566 δὲ
851 510 1048 567 τοῦτο
1113 500 1499 586 ἐκδέχεσθαι
1560 502 1764 566 πάλιν
1826 501 1949 584 τὴν
2002 500 2130 566 ἀπὸ
2190 510 2305 584 τῆς

282 604 506 692 ἑτέρας
550 611 969 692 πανσελήνου
1013 609 1180 693 πρὸς
1226 607 1433 672 αὐτὸν
1490 615 1605 690 τῆς
1659 616 1874 692 ψυχῆς
1926 611 2305 692 μετοίκησιν

282 711 394 779 καὶ
428 717 897 799 παραλαβόντα
934 714 1177 799 ὁμοίως
1212 714 1377 800 πρὸς
1414 715 1534 779 τὸν
1567 715 1735 779 θεὸν
1772 712 1888 779 ἐᾶν
1923 714 2304 799 αὐτομάτως
2358 737 2384 774 5

281 819 608 905 φέρεσθαι
654 818 765 885 καὶ
811 831 1006 887 τοῦτο
1054 822 1165 886 διά
1210 821 1458 896 παντὸς
1503 819 1824 886 ἐκπονεῖν.
1914 818 2025 885 καὶ
2080 823 2304 887 εἰκόνα

281 922 357 990 δὲ
406 924 480 991 ἐν
523 926 688 1014 ἡλίῳ
737 925 1073 1012 ἑωρᾶσθαι
1118 927 1453 1010 τοιαύτην,
1501 918 1648 992 οἷόν
1703 925 1839 992 ἐστι
1884 928 1959 993 τὸ
2015 937 2134 993 τοῦ
2190 926 2304 993 ἀν-

277 1033 563 1117 θρώπου
609 1028 806 1116 εἶδος,
851 1031 961 1098 καὶ
1007 1033 1725 1118 ἀντιφιλοτιμήσασθαι
1771 1034 1893 1117 τὴν
1944 1034 2116 1118 ὕλην
2159 1057 2304 1100 ποι-

278 1147 434 1222 ἧσαι
471 1140 591 1204 τὸν
627 1140 992 1224 ἄνθρωπον
1029 1138 1093 1218 ἐξ
1123 1140 1326 1223 αὐτῆς
1361 1140 1524 1204 κατὰ
1551 1139 1673 1222 τὴν
1708 1140 1820 1204 διά
1855 1141 2066 1223 πάσης
2102 1139 2305 1223 αὐτῆς

276 1254 398 1329 τῆς
441 1246 786 1330 δυνάμεως
829 1245 1029 1331 μῖξιν,
1075 1248 1310 1330 ἔχοντα
1355 1244 1464 1311 καὶ
1507 1243 1725 1333 [αὐτόν
1778 1270 1842 1310 τι
1895 1254 2010 1330 τῆς
2062 1254 2304 1330 ψυχῆς·
2334 1269 2384 1309 10

275 1354 451 1418 πολὺ
496 1351 724 1437 μέντοι
772 1356 1275 1437 συμβεβλῆσθαι
1329 1354 1403 1418 τὸ
1459 1347 1635 1429 εἶδος
1690 1354 1783 1429 εἰς
1837 1353 1912 1417 τὸ
1960 1355 2195 1418 πλεῖόν
2239 1377 2303 1417 τι

275 1459 457 1543 παρὰ
500 1461 580 1524 τὰ
625 1461 793 1525 ἄλλα
835 1461 1055 1544 θνητὰ
1093 1463 1220 1547 ζῷα
1266 1468 1381 1543 τῆς
1417 1461 1758 1543 δυνάμεως
1803 1467 1917 1543 τῆς
1951 1462 2147 1536 θείας
2186 1461 2305 1524 τὸν

277 1566 646 1650 ἄνθρωπον
690 1576 1055 1651 μετασχεῖν,
1090 1566 1416 1652 ὑπάρχειν
1460 1567 1586 1651 γὰρ
1625 1565 1831 1631 αὐτὸν
1865 1568 2057 1643 θείας
2101 1567 2304 1631 δυνά-

277 1695 451 1756 μεως
495 1674 736 1737 εἰκόνα.
826 1674 944 1739 τὸν
990 1670 1065 1738 δὲ
1110 1674 1382 1759 χριστὸν
1444 1667 1614 1737 εἶναι
1669 1681 1862 1737 νοῦν·
1918 1670 2000 1736 ὃν
2055 1672 2137 1755 δὴ
2192 1671 2302 1737 καὶ

275 1777 689 1863 ἀφικόμενόν
732 1801 890 1845 ποτε
937 1779 1064 1845 ἀπὸ
1112 1789 1232 1845 τοῦ
1279 1781 1416 1845 ἀνω
1463 1782 1671 1844 τόπου
1715 1781 2029 1844 πλεῖστόν
2073 1802 2142 1844 τε
2187 1787 2303 1861 τῆς
2331 1799 2383 1838 15

274 1886 623 1971 δυνάμεως
666 1887 907 1969 ταύτης
950 1887 1116 1972 πρὸς
1161 1888 1281 1952 τὸν
1323 1887 1493 1953 θεὸν
1538 1882 1880 1952 λελυκέναι
1917 1883 2026 1950 καὶ
2064 1885 2145 1968 δὴ
2191 1883 2302 1950 καὶ

273 1993 351 2055 τὸ
418 1998 797 2059 τελευταῖον
855 1992 1458 2079 ἀνασταυρωθέντα
1522 1990 1982 2077 παρασχέσθαι
2050 2003 2303 2074 γνῶσιν

274 2100 513 2185 τοιῷδε
559 2101 780 2186 τρόπῳ
827 2096 937 2164 καὶ
974 2099 1098 2182 τὴν
1142 2101 1433 2184 δύναμιν
1469 2100 1591 2182 τὴν
1627 2100 1828 2164 θείαν
1869 2096 2300 2183 ἐνηρμόσθαι,

278 2203 816 2290 ἐνεσταυρῶσθαι
852 2214 930 2291 τῇ
966 2205 1113 2291 ὕλῃ.
1177 2203 1318 2270 ἐπεὶ
1355 2199 1480 2271 οὗν
1516 2204 1938 2270 ἀπόλλυσθαι
1973 2204 2096 2287 τὴν
2130 2204 2302 2287 ὕλην

279 2309 417 2376 ἐστὶ
480 2317 650 2377 θεοῦ
714 2312 957 2396 δόγμα,
1026 2310 1390 2397 ἀπέχεσθαι
1451 2308 1575 2396 μὲν
1638 2310 1950 2397 ἐμψύχων
2010 2312 2300 2394 πάντων,
2330 2334 2382 2374 20

278 2421 642 2496 σιτίζεσθαι
689 2414 763 2483 δὲ
810 2420 1060 2503 λάχανα
1103 2416 1214 2483 καὶ
1260 2429 1395 2484 πᾶν
1431 2419 1467 2484 ὅ
1504 2443 1567 2483 τι
1605 2418 2036 2502 ἀναίσθητον,
2073 2416 2300 2502 ἀπέχε-

278 2531 444 2590 σθαι
499 2520 572 2588 δὲ
627 2525 856 2609 γάμων
909 2523 1020 2590 καὶ
1075 2525 1492 2611 ἀφροδισίων
1544 2524 1654 2589 καὶ
1700 2528 2141 2609 τεκνοποιίας,
2188 2526 2300 2590 ἵνα

278 2630 365 2714 μὴ
414 2629 520 2695 ἐπὶ
564 2635 797 2696 πλεῖον
858 2630 898 2714 ἡ
956 2631 1238 2715 δύναμις
1285 2629 1591 2716 ἐνοικήσῃ
1646 2640 1723 2715 τῇ
1778 2628 1905 2716 ὕλῃ
1960 2632 2124 2696 κατὰ
2177 2632 2300 2715 τὴν

277 2745 398 2801 τοῦ
443 2734 682 2818 γένους
727 2738 1062 2822 διαδοχήν.
1121 2738 1208 2822 μὴ
1258 2737 1514 2820 ἐξάγειν
1559 2733 1633 2802 δὲ
1681 2735 1954 2814 ἑαυτοὺς
1985 2763 2299 2823 ,μηχανω-

276 2841 520 2927 μένους
572 2844 907 2928 κάθαρσιν
953 2838 1049 2909 ὧν
1095 2842 1462 2929 ἐλυμήνατο
1506 2842 1546 2926 ἡ
1592 2842 1767 2928 μῖξις
1811 2852 1926 2926 τῆς
1969 2844 2133 2928 ὕλης
2176 2845 2299 2928 τὴν
2326 2865 2377 2905 25

276 2949 586 3033 δύναμιν.
685 2947 748 3013 V
810 2951 890 3015 τά
952 2946 1076 3035 μὲν
1144 2947 1757 3035 κεφαλαιωδέστερα
1820 2943 1916 3014 ὧν
1989 2950 2299 3033 λέγουσίν

278 3053 461 3120 ἐστιν
513 3064 735 3120 ταῦτα.
825 3068 1061 3141 τιμῶσι
1116 3053 1191 3121 δὲ
1246 3058 1529 3141 μάλιστα
1589 3056 1783 3138 ἥλιον
1844 3053 1953 3121 καὶ
2013 3060 2298 3140 σελήνην

278 3160 399 3245 οὐχ
461 3163 549 3238 ὡς
606 3163 840 3247 θεούς,
897 3162 1036 3229 ἀλλ’
1101 3165 1189 3241 ὡς
1234 3163 1398 3229 ὁδὸν
1442 3161 1529 3228 δι’
1574 3156 1652 3246 ἧς
1694 3165 1877 3227 ἔστιν
1919 3163 2084 3247 πρὸς
2127 3165 2296 3228 θεὸν

420 3359 452 3407 2
509 3351 742 3409 ἀπιέναι
794 3355 878 3410 Μ.
934 3353 1170 3424 ἀφιέναι
1216 3354 1442 3438 scripsi,
1498 3371 1570 3407 an
1623 3352 1844 3409 01.1.5
1892 3347 2081 3435 <ἑᾶν>
2134 3352 2296 3409 ἀπιέ-

276 3429 407 3477 ναιῗ
553 3429 585 3478 3
623 3433 720 3494 τῆς
755 3425 869 3480 ἀπὸ
905 3433 1003 3494 τῆς
1029 3426 1114 3482 M:
1151 3425 1337 3493 possis
1376 3395 1549 3479 et’iam
1587 3424 1782 3479 deleto
1810 3431 1907 3493 τῆς
1939 3422 2124 3492 priore
2157 3424 2297 3479 scri-

276 3494 408 3549 bere
436 3494 577 3567 πρὸς
605 3495 778 3552 αὑτὸν
853 3501 919 3551 10
948 3498 1098 3567 μίξιν
1127 3497 1187 3550 Μ
1215 3500 1276 3552 et
1302 3495 1383 3550 sic
1411 3511 1629 3565 semper
1710 3501 1777 3549 26
1805 3494 1843 3551 f.
1874 3494 1942 3549 τὰ
1969 3495 2072 3564 μὲν
2101 3492 2290 3570 <οὖν>
