2484 3800
243 511 345 585 mo

243 1043 346 1093 185

246 1576 347 1624 190

248 2107 348 2157 195

1048 119 1453 171 PRAEFATIO

466 282 635 365 ἔχων
679 303 749 344 τε
793 283 1041 358 θλίψιν
1087 278 1157 345 ἐκ
1204 281 1556 344 δυναστῶν
1599 288 1714 362 τῆς
1758 282 1907 363 βίας

466 386 821 473 ἀρχοντικῇ
869 410 938 451 τε
982 387 1363 472 αωιταδρομῇ
1412 384 1818 470 δεδμημένος

465 492 573 558 καὶ
620 502 713 581 τῷ
757 494 1063 581 τυράννῳ
1108 491 1217 558 καὶ
1267 501 1687 580 σπαρακτικςό
1730 491 2000 578 θράσει,
2043 489 2050 577 Ι

465 596 605 665 εἶτα
648 600 1045 686 προσελθὼν
1089 607 1182 686 τςό
1227 605 1495 687 γαληνῷ
1540 600 1855 684 δεσπότῃ,

465 706 588 772 οὐκ
634 705 843 782 εὐθὺς
889 701 1042 792 εὗρε
1086 706 1209 788 τὴν
1255 706 1453 770 λύσιν
1498 716 1634 770 τῶν
1679 705 2085 789 σφαλμάτων

464 811 575 877 καὶ
619 814 744 895 τὴν
788 814 1062 896 ἄμειψιν
1108 811 1383 888 ἐνδίκως
1428 823 1564 877 τῶν
1607 810 1979 897 πρακτέων;

464 918 564 996 τίς
608 930 745 984 τῶν
787 919 990 985 πάλαι
1036 920 1163 1005 γὰρ
1209 916 1320 984 καὶ
1366 917 1539 984 νέων
1584 916 1970 1003 ἀνακτόρων

465 1035 776 1091 τοιοῦτον
822 1028 1011 1110 ἔσχεν
1056 1023 1586 1112 εὐπρεπέστατον
1629 1025 1864 1108 τύπον,

465 1133 555 1210 ὡς
598 1143 804 1198 πᾶσιν
849 1133 1062 1217 ἄρδην
1110 1131 1173 1210 ἐξ
1222 1138 1376 1196 ἴσου
1422 1131 1953 1217 προστυγχάνειν

467 1238 643 1316 νέοις
687 1237 1004 1325 γέρουσιν
1049 1237 1344 1314 ἀστικοῖς
1389 1262 1458 1303 τε
1503 1237 1612 1302 καὶ
1652 1236 1865 1315 ξένοις

465 1348 755 1432 ἄρχοντα
799 1344 907 1410 καὶ
953 1344 1202 1428 πένητα
1247 1346 1334 1429 μὴ
1384 1346 1766 1429 διακρίνων,
1878 1355 1894 1367 “

465 1452 691 1528 καθὼς
736 1454 983 1536 ἔφησεν
1027 1451 1066 1534 ἡ
1113 1458 1284 1516 θεοῦ
1328 1454 1778 1537 θεσμουργία;

468 1557 659 1636 ἄναξι
695 1554 820 1642 μὲν
855 1569 994 1634 τοῖς
1029 1560 1334 1642 πρόσθεν
1369 1557 1584 1642 ὀφρὺς
1619 1551 1705 1640 ἦν
1740 1557 2039 1641 θράσους

466 1676 606 1742 τοῖς
640 1673 1091 1751 προσπεσοῦσι
1129 1665 1216 1748 μὴ
1255 1662 1482 1748 νέμειν
1517 1665 1633 1739 τάς
1671 1662 2002 1747 ἐκβάσεις·

469 1771 505 1837 ὁ
554 1770 618 1836 δ’
656 1766 742 1836 αὗ
786 1771 1083 1854 ποθητὸς
1128 1778 1220 1858 τῷ
1267 1777 1408 1857 θεῷ
1455 1774 1834 1853 Βασίλειος,

469 1877 505 1944 ὁ
550 1877 1003 1963 πανσέβαστος
1047 1878 1422 1961 πάγκλυτος
1468 1878 1916 1963 στεφηφόρος,

470 1983 636 2049 ἐπὰν
679 1984 1045 2072 προσέλθοι
1090 2009 1191 2061 τις
1235 1988 1499 2070 βροτῶν
1545 1983 1806 2070 οἰκτρὸς
1849 1983 2051 2067 πάνυ,

476 2091 881 2177 παραβλέπει
926 2088 1050 2176 μὲν
1095 2091 1242 2157 οὐδ’
1282 2092 1450 2169 ὅλως
1495 2093 1614 2156 τὸν
1657 2093 1962 2174 πλησίον,

468 2201 700 2274 κλίνας
744 2199 818 2262 τὸ
866 2193 985 2274 οὖς
1031 2195 1104 2263 δὲ
1149 2208 1311 2264 πᾶσι
1357 2209 1496 2275 τοῖς
1541 2199 1767 2280 λόγοις
1811 2200 1958 2263 τότε

470 2304 709 2369 δίδωσι
753 2305 876 2387 τὴν
921 2310 1185 2388 αἴτησιν
1231 2305 1306 2370 ἐν
1349 2308 1715 2391 προθυμίᾳ.

469 2410 727 2475 ἅπαντα
770 2420 975 2476 ταῦτα
1020 2413 1307 2497 Χριστὸς
1354 2412 1389 2477 ὁ
1437 2415 1600 2494 ζωῆς
1646 2410 1806 2489 ἄναξ

471 2515 546 2581 ἐν
590 2517 904 2602 οὐρανοῖς
948 2520 1235 2603 ἔγραψεν
1282 2519 1376 2594 εἰς
1419 2525 1615 2584 θεῖον
1657 2518 1951 2603 θρόνον·

245 2604 464 2697 ἔῆ200
477 2624 584 2688 διὸ
629 2636 933 2709 κραταιοῖ
976 2635 1096 2690 τοῦ
1143 2633 1391 2708 σεμνοῦ
1437 2627 1794 2688 Βασιλείου

248 3171 354 3220 205

470 2730 545 2794 τὸ
591 2733 932 2814 βασίλειον
979 2730 1052 2795 ἐν
1095 2738 1235 2819 θεῷ
1281 2731 1446 2796 κατὰ
1489 2731 1757 2817 κράτος,

472 2831 656 2901 οἶδεν
702 2839 828 2924 γάρ
875 2833 1061 2903 οἶδεν
1103 2838 1275 2915 ὕψος
1321 2838 1416 2913 εἲς
1461 2836 1694 2922 φέρειν
1738 2836 1904 2921 μέγα

470 2945 627 3019 τοὺς
671 2944 794 3026 τὴν
837 2947 1117 3030 ἔπαρσιν
1160 2942 1312 3028 μηδ’
1349 2945 1518 3020 ὅλως
1561 2942 2014 3028 κεκτημένους.

472 3047 618 3115 ἀλλ’
655 3045 706 3114 ὦ
753 3046 1040 3135 θεουργὲ
1086 3062 1220 3115 τῶν
1266 3048 1574 3115 ἁπάντων
1617 3052 1989 3134 κτισμάτων

474 3153 635 3232 ἄναξ
682 3153 987 3219 ἀνάκτων
1031 3152 1274 3240 Χριστὲ
1322 3166 1463 3240 φῶς
1507 3162 1676 3221 θεοῦ
1723 3157 1906 3237 λόγε,

393 3404 494 3453 189
531 3400 830 3455 Deuteron.
875 3405 956 3469 16,
988 3405 1069 3454 19.
1144 3397 1318 3454 Exod.
1348 3404 1432 3467 23,
1464 3405 1495 3453 6

395 3494 496 3542 190
535 3488 714 3558 ὀφρῦς
748 3488 808 3541 Μ

2140 115 2269 170 XXI

2272 604 2424 658 f.171

2234 2634 2278 2688 ΜΙ
