2484 3800
224 105 312 169 30
705 103 1197 166 ΑΛΕΞΑΝΔΡΟΤ
1231 108 1783 162 ΑΤΚοΠοΛῙΤοΤ

221 270 421 333 θείαν
457 269 748 355 δύναμιν
781 271 945 334 κατὰ
990 270 1230 356 μικρὸν
1266 270 1727 356 διακρίναντες
1772 268 1900 335 ἀπὸ
1937 278 2053 353 τῆς
2086 269 2256 355 ὕλης

219 375 386 460 πρὸς
444 377 563 440 τὸν
616 377 786 442 θεὸν
843 375 1380 461 ἀποπέμπουσιν,
1444 386 1560 461 τῆς
1628 379 1908 460 σελήνης
1973 376 2047 442 ἐν
2108 389 2256 456 ταῖς

220 485 613 566 νουμηνίαις
650 481 840 569 μέχρι
874 492 990 566 τῆς
1025 485 1445 567 πανσελήνου
1484 484 1577 559 εἰς
1615 481 1857 567 ἑαυτὴν
1894 482 2252 568 δεχομένης

219 587 468 672 ταύτην
525 584 665 653 εἶτα
724 597 816 677 τῷ
873 588 1038 677 ἡλίῳ
1100 588 1536 673 <δι>δούσης,
1595 599 1716 654 τοῦ
1776 586 1852 655 δὲ
1909 592 2076 677 πρὸς
2129 592 2250 656 τὸν

166 715 191 753 5
218 695 386 759 θεὸν
429 693 996 781 παραπέμποντος.
1069 697 1129 761 εἰ
1175 695 1235 760 δ’
1289 692 1461 779 ἦσαν
1503 694 1614 761 καὶ
1659 698 1824 761 κατὰ
1868 699 2109 784 μικρὸν
2154 701 2250 776 εἰς

217 799 649 886 ἀστρονόμων
686 801 906 888 θύρας
952 805 1408 886 φοιτήσαντες,
1455 802 1580 868 οὐκ
1623 801 1708 867 ἀν
1752 812 1959 868 ταῦτα
2001 806 2249 869 πεπόν-

215 913 429 971 θεσαν
484 909 636 973 οὔτε
691 909 1030 992 ἠγνόησαν
1073 907 1160 973 ἂν
1212 910 1315 974 ὅτι
1368 909 1409 993 ἡ
1462 913 1705 994 σελήνη
1734 948 1823 956 -
1849 911 2014 975 κατά
2057 934 2247 988 τινας

215 1015 491 1100 ἄμοιρος
536 1009 703 1079 οὖσα
752 1016 931 1081 ἰδίου
977 1018 1197 1099 φωτός
1223 1054 1313 1061 -
1337 1016 1469 1080 ὑπὸ
1515 1025 1636 1081 τοῦ
1681 1015 1879 1099 ἡλίου
1917 1019 2246 1103 καταλάμ-

213 1141 432 1204 πεται,
487 1119 596 1186 καὶ
657 1123 758 1187 ὅτι
815 1123 879 1185 οὶ
934 1120 1371 1206 σχηματισμοὶ
1428 1123 1631 1205 αὐτῆς
1686 1125 1860 1188 εἰσιν
1903 1125 2080 1209 παρὰ
2125 1126 2245 1201 τὰς

136 1249 186 1287 ιο
212 1235 334 1290 τοῦ
396 1226 593 1309 ἡλίου
656 1229 1060 1312 διαστάσεις,
1125 1228 1537 1312 πανσέληνός
1598 1253 1669 1294 τε
1723 1229 2018 1312 γίγνεται
2079 1230 2245 1296 ὅταν

213 1332 419 1419 ἀπέχῃ
474 1343 595 1399 τοῦ
647 1333 845 1417 ἡλίου
898 1337 1013 1412 τὰς
1069 1333 1305 1400 ἑκατὸν
1358 1333 1469 1400 καὶ
1525 1335 1934 1419 ὀγδοήκοντα
1981 1341 2240 1424 μοίρας,

212 1439 498 1516 σύνοδος
562 1437 636 1505 δὲ
700 1442 861 1506 ὅταν
927 1440 1033 1506 ἐπὶ
1101 1451 1217 1525 τῆς
1281 1441 1484 1525 αὐτῆς
1555 1450 1647 1530 τῷ
1719 1442 1884 1530 ἡλίῳ
1959 1441 2240 1529 φέρηται

209 1550 461 1633 μοίρας.
534 1549 757 1612 ἔπειτα
803 1545 878 1613 δὲ
922 1559 1062 1625 πῶς
1107 1548 1189 1614 οὐ
1233 1550 1628 1634 θαυμαστὸν
1675 1550 1851 1626 ὅπως
1886 1546 2045 1615 ποτὲ
2079 1557 2239 1617 πολ-

211 1650 320 1717 λαὶ
367 1648 562 1719 οὖσαι
608 1656 677 1720 αἱ
722 1653 928 1739 ψυχαὶ
974 1653 1084 1719 καὶ
1132 1656 1261 1720 ἀπὸ
1308 1658 1657 1741 διαφόρων
1683 1693 1771 1700 -
1798 1654 1908 1720 καὶ
1950 1658 2077 1743 γὰρ
2113 1668 2238 1723 τοῦ

131 1780 181 1819 15
207 1761 461 1844 κόσμου
515 1762 724 1827 αὐτοῦ
777 1761 886 1827 καὶ
942 1761 1124 1850 ζῴων
1179 1761 1288 1827 καὶ
1344 1774 1576 1847 φυτῶν
1629 1760 1740 1827 καὶ
1796 1774 2080 1847 νυμφῶν
2125 1763 2237 1829 καὶ

207 1866 547 1952 δαιμόνων
609 1863 745 1935 εἷεν
808 1868 893 1935 ἂν
955 1868 1064 1935 καὶ
1131 1869 1205 1935 ἐν
1268 1870 1529 1946 τούτοις
1582 1879 1852 1953 πτηνῶν
1905 1873 2238 1956 χερσαίων

204 1973 545 2059 ἀμφιβίων
572 2015 660 2022 -
686 1979 1142 2064 διακρίνονται
1199 1987 1280 2063 τῇ
1337 1978 1515 2060 ὄψει,
1583 1975 1725 2042 ἀλλ’
1781 1975 1856 2041 ἕν
1918 2000 1983 2041 τι
2047 1988 2236 2062 σῶμα

11 2083 186 2139 f.189V
206 2079 442 2163 ὅμοιον
487 2081 590 2147 ἀεὶ
636 2084 749 2148 διὰ
797 2085 1044 2161 παντὸς
1100 2087 1407 2167 φαίνεται
1461 2083 1623 2167 ἡμῖν
1669 2081 1743 2146 ἐν
1801 2092 1877 2168 τῇ
1921 2080 1929 2169 Ι
1971 2085 2238 2170 σελήνῃ.

204 2189 275 2249 τί
328 2183 404 2251 δὲ
460 2187 572 2253 καὶ
629 2190 703 2254 τὸ
766 2186 1035 2275 συνεχὲς
1097 2199 1218 2255 τοῦ
1284 2189 1581 2272 σώματος
1642 2187 1886 2274 τούτου
1948 2187 2058 2253 καὶ
2124 2190 2233 2255 ὅτε

123 2317 176 2357 20
202 2287 326 2374 μὲν
370 2295 718 2380 διχότομός
766 2296 945 2361 ἐστιν
980 2295 1020 2379 ἡ
1060 2299 1323 2380 σελήνη,
1370 2297 1781 2379 φαινόμενον
1814 2293 2232 2380 ἡμικύκλιον,

11 2414 182 2483 2170
203 2400 309 2465 ὅτε
357 2398 431 2466 δὲ
477 2401 914 2489 ἀμφίκυρτος,
965 2413 1275 2469 τοιοῦτον
1319 2402 1379 2484 <.
1409 2452 1423 2466 .
1453 2429 1470 2481 ;
1498 2450 1513 2465 .
1543 2403 1604 2485 .>
1638 2402 1844 2466 πάλιν
1887 2413 2026 2478 πῶς
2071 2401 2234 2467 ἀνα-

200 2511 652 2593 λαμβάνονται
705 2508 810 2575 ἐπὶ
865 2511 987 2594 τὴν
1038 2512 1324 2593 σελήνην
1354 2509 1419 2594 ἢ
1473 2510 1642 2595 ποίῳ
1699 2509 2030 2594 χρώμεναι
2076 2508 2233 2593 ὀχή-

348 2689 380 2738 5
401 2701 522 2753 sqq.
562 2685 633 2738 cf.
671 2684 969 2754 Augustin.
1010 2685 1247 2740 confess.
1285 2684 1336 2739 V
1378 2689 1409 2737 6

346 2849 374 2896 1
413 2844 451 2898 f.
491 2841 877 2914 διακρίνοντες
983 2852 1017 2899 4
1054 2844 1262 2913 δούσης
1296 2844 1382 2900 M:
1419 2843 1767 2916 <δι>δούσης
1804 2841 2019 2913 scripsi,
2058 2842 2231 2916 <om-

200 2914 512 2989 δι>δούσης
546 2916 794 2985 praefert
829 2916 1042 2970 Usener
1258 2920 1289 2969 ὅ
1341 2915 1486 2970 κατὰ
1532 2915 1835 2970 delendum
1881 2929 2080 2968 censeo

204 2991 233 3038 7
272 2985 403 3042 οὐδὲ
442 2985 798 3041 scribendum
825 2985 1050 3041 videtur
1195 2992 1262 3040 13
1302 2987 1656 3041 desideratur
1680 2985 1964 3056 particula
1990 3001 2228 3057 negans,

200 3061 302 3113 aut
339 3057 502 3113 scrib.
543 3058 739 3128 (οὐπώ
787 3077 923 3112 ποτε
977 3058 1067 3113 vel
1120 3058 1238 3112 tale
1293 3060 1395 3112 aut
1440 3057 1477 3113 1.
1510 3063 1576 3112 17
1612 3058 1716 3112 ins.
1756 3056 1830 3128 μὴ
1877 3056 1968 3110 vel
2013 3057 2080 3111 οὐ

201 3135 268 3184 16
307 3149 530 3185 εισεναν
568 3129 651 3182 M:
692 3149 719 3185 ε
745 3149 806 3184 εν
844 3128 917 3184 ἂν
955 3146 1092 3185 corr.
1132 3129 1440 3184 Buecheler
1582 3135 1648 3183 21
1688 3127 1814 3182 hiat
1849 3127 2057 3197 oratiO,
2096 3144 2228 3182 cum

199 3201 315 3255 alia.
376 3205 499 3257 tum
607 3198 674 3255 αἱ
732 3200 795 3256 δὲ
860 3200 1083 3274 ψυχαὶ>
1142 3203 1273 3255 ante
1336 3199 1506 3255 πάλιν
1562 3201 1757 3255 deesse
1818 3198 2081 3280 vident-zur
2182 3269 2194 3280 ⁸

197 3278 266 3325 22
304 3271 541 3341 σχήματι
648 3294 659 3326 :
700 3271 937 3342 ὀχήματι
975 3271 1176 3341 scripsi
1210 3274 1518 3341 praeeunte
1546 3269 1878 3326 combefisio
1917 3287 2015 3337 qul
2051 3272 2228 3324 vertit

200 3343 290 3393 ‘ac
327 3359 438 3408 quo
471 3358 607 3395 usae
639 3342 941 3398 vehiculo’.
999 3343 1078 3399 Cf.
1108 3343 1255 3398 Plat.
1286 3342 1523 3398 Phaedr.
1548 3342 1683 3396 2471>
1711 3344 1770 3396 et
1799 3339 2227 3395 Platonicorum

198 3411 513 3463 doctrinam
551 3412 620 3465 de
658 3429 772 3478 qua
807 3412 1056 3468 Method.
1106 3415 1176 3468 de
1220 3430 1421 3469 resurr.
1461 3414 1540 3467 ΙΙΙ
1582 3419 1665 3469 18.
1739 3412 1888 3467 Jahn
1936 3411 2223 3467 animadV.

197 3478 257 3530 in
294 3478 467 3532 Basil.
506 3481 533 3531 I
567 3498 621 3547 p.
652 3485 720 3535 47
744 3499 824 3548 sq.
877 3483 1190 3539 Baeumker
1226 3485 1480 3541 Problem
1516 3486 1611 3541 der
1647 3486 1883 3541 Materia
1917 3502 1972 3553 p.
2001 3488 2106 3538 418
2146 3482 2224 3539 al.
