2484 3800
1031 109 1437 162 PRAEFATIO
2174 107 2253 163 XI

213 271 394 355 quod
423 270 978 356 typographorum
998 292 1245 334 errores
1266 271 1514 354 aliquot
1541 294 1690 335 sane
1711 275 1965 356 apertos
1985 272 2247 336 sustulit

215 382 556 461 totamque
603 378 1104 462 disputationem
1154 378 1220 441 in
1268 378 1479 462 capita
1526 379 1847 463 discripsit
1883 379 1986 442 vel
2030 381 2247 463 potius

214 482 544 568 capitibus
589 484 718 546 iam
765 506 802 547 a
847 482 1230 548 Combefisio
1271 484 1592 569 discriptis
1639 507 1718 549 ex
1763 485 1985 549 ordine
2030 508 2248 549 nume-

212 613 440 655 rorum
487 594 672 653 notas
718 590 978 654 addidit.
1073 589 1212 667 Quo
1260 613 1522 655 munere
1569 595 1702 655 tam
1748 588 2004 656 strenue
2040 592 2247 655 functi

211 701 369 761 sunt
415 701 492 760 ut
536 718 666 760 non
713 719 858 761 raro
907 697 1370 761 sententiarum
1417 699 1573 762 ordo
1619 699 2014 783 ineptissime
2052 699 2244 762 divel-

202 805 455 869 leretur
510 804 827 887 uniusque
882 804 1203 868 enuntiati
1255 804 1548 868 membra
1603 804 1869 868 diversis
1925 805 2244 889 capitibus

210 911 671 975 tribuerentur.

356 1017 534 1093 Quae
599 1037 746 1079 cum
812 1015 903 1079 ita
968 1015 1126 1102 sint,
1180 1017 1248 1079 in
1303 1016 1530 1101 primis
1602 1039 1817 1080 meum
1891 1037 2025 1079 esse
2091 1015 2244 1079 duxi

212 1124 546 1207 exemplar
591 1122 949 1186 Mediceum
995 1145 1141 1186 cum
1186 1123 1312 1187 fide
1335 1127 1424 1187 'et
1470 1123 1778 1209 religione
1830 1122 2242 1206 exprimendo

214 1231 438 1294 sordes
493 1229 783 1313 priorum
831 1229 1185 1293 editionum
1241 1229 1623 1316 abstergere.
1717 1228 1901 1306 Quod
1955 1233 2028 1292 ut
2081 1228 2244 1291 mihi

212 1336 492 1420 licuerit,
535 1336 743 1398 laetus
789 1339 1138 1421 gratusque
1184 1334 1466 1399 Henrico
1503 1334 1835 1421 Rostagno
1882 1358 2051 1399 nunc
2096 1334 2242 1399 Flo-

212 1443 471 1507 rentino
520 1447 852 1526 acceptum
898 1443 1123 1526 refer0‚
1167 1443 1279 1526 qui
1326 1443 1583 1506 aestivis
1621 1466 1672 1507 a.
1706 1444 1876 1508 1892
1915 1443 2242 1507 mensibus

210 1572 432 1613 meum
473 1549 708 1613 codicis
736 1547 1255 1613 Vindobonensis
1294 1549 1735 1635 apographum
1773 1571 1919 1613 cum
1955 1548 2240 1613 Mediceo

211 1656 494 1720 contulit
549 1654 1031 1718 officiosissime.
1047 1652 1099 1742 1)
1172 1654 1233 1718 A
1288 1655 1525 1718 nobilis
1582 1659 1796 1719 autem
1851 1655 2044 1719 huius
2089 1655 2242 1719 libri

209 1763 489 1826 lectione
543 1783 674 1825 non
729 1761 1149 1824 recedendum
1204 1761 1592 1846 existimavi,
1656 1761 1781 1825 nisi
1841 1762 1966 1825 loci
2023 1766 2240 1846 aperte

210 1868 504 1953 corrupti
556 1890 629 1933 ea
682 1871 938 1952 praesto
995 1889 1129 1932 esse
1175 1868 1500 1933 videretur
1555 1868 1940 1953 emendatio,
1996 1891 2122 1953 qua
2177 1872 2241 1933 et

208 1976 568 2041 sententiae
623 1976 812 2059 plane
869 1976 1208 2039 satisfieret
1266 1979 1330 2039 et
1376 1998 1502 2060 quo
1557 1975 1748 2040 modo
1805 1980 2020 2039 ortum
2077 1979 2241 2040 esset

209 2084 519 2147 mendum
565 2082 751 2145 facile
799 2082 1232 2165 dispiceretur.
1315 2080 1391 2145 In
1437 2082 1657 2146 libello
1706 2084 1997 2166 quamvis
2041 2104 2239 2166 parvo

210 2212 343 2253 non
392 2210 614 2253 omnes
660 2187 944 2251 sublatas
991 2210 1125 2251 esse
1173 2188 1584 2253 difficultates
1631 2192 1695 2253 et
1742 2189 2135 2272 corruptelas
2178 2193 2241 2252 et

211 2296 350 2380 ipse
396 2294 584 2358 video
639 2316 756 2357 nec
812 2293 943 2357 scio
1002 2317 1082 2357 an
1138 2294 1379 2378 duplici
1424 2295 1614 2358 liceat
1664 2295 2070 2359 excusatione
2116 2296 2241 2359 uti:

209 2424 420 2486 neque
479 2399 650 2464 enim
707 2398 1212 2462 obliviscendum
1279 2403 1376 2462 est
1430 2399 1507 2463 de
1564 2421 1638 2463 eo
1693 2399 1799 2485 agi
1852 2399 2238 2484 philosopho

215 2509 328 2592 qui
385 2511 610 2571 contra
664 2505 915 2568 fabulas
970 2509 1162 2589 atque
1227 2506 1475 2569 somnia
1539 2507 1933 2592 argumentis
1994 2510 2241 2592 pugnet

213 2619 280 2679 et
326 2613 845 2697 ratiocinatione3
903 2633 1110 2694 neque
1155 2615 1304 2695 post
1354 2611 1834 2696 Combefisium,
1882 2613 1993 2696 qui
2037 2636 2240 2697 pauca

212 2743 417 2804 eaque
464 2720 630 2783 levia
676 2718 950 2802 sanavit,
1003 2719 1343 2802 quisquam
1390 2723 1701 2803 quantum
1755 2719 1886 2783 scio
1942 2720 2239 2785 inventus

212 2832 310 2892 est
319 2879 337 2912 ,
397 2827 508 2910 qui
555 2825 613 2889 ei
671 2825 1062 2889 emendando
1120 2847 1380 2909 operam
1436 2830 1500 2890 et
1554 2826 1840 2890 laborem
1885 2828 2080 2891 vellet
2125 2828 2240 2892 im-

210 2934 505 3019 pendere.
519 2931 571 3020 2)

363 3129 417 3190 1)
455 3126 539 3179 De
566 3124 705 3180 locis
735 3123 1017 3178 nonnullis
1047 3123 1400 3179 dubitantem
1428 3141 1517 3178 me
1545 3128 1745 3194 postea
1773 3123 2069 3179 certiorem
2103 3125 2240 3180 fecit

210 3212 488 3283 Georgius
525 3213 693 3269 Raro,

357 3307 413 3368 2)
454 3301 593 3355 Cum
618 3317 746 3354 mea
775 3318 946 3355 causa
962 3299 1219 3355 libeUum
1245 3301 1620 3371 perlegissent
1637 3300 1966 3355 Franciscus
1986 3300 2235 3355 Bueche-

212 3391 299 3445 ler
347 3392 407 3445 et
441 3389 794 3443 Hermannus
830 3390 1042 3444 Usener
1088 3389 1344 3459 egregias
1392 3388 1612 3455 aliquot
1657 3387 2076 3441 emendationes
2122 3406 2237 3442 me-

217 3497 350 3534 cum
387 3479 884 3535 communicarunt.
