2484 3800
698 148 896 201 ΠΡΟΣ
933 150 1074 200 ΤΑΣ
1111 147 1528 200 ΜΔΝΙΧΑΙΟΤ
1564 149 1807 207 ΔΟΞΑΣ
2165 149 2251 212 39

226 333 424 394 μεως,
483 309 686 374 πάλιν
732 318 1039 375 τοιοῦτον
1082 308 1649 394 ὑπολειφθήσεται
1693 320 1847 395 πῦρ.
1936 321 2075 388 πῶς
2130 305 2256 376 οὖν

225 415 300 480 τὸ
346 424 481 502 πῦρ
527 415 568 499 ἢ
616 417 972 502 διαφθερεῖ
1015 438 1081 480 τι
1115 415 1156 499 ἢ
1193 415 1306 481 ὑπ’
1344 418 1552 483 ἄλλου
1598 419 2043 503 φθαρήσεται;
2088 419 2256 504 πρὸς

224 524 355 607 γὰρ
410 530 501 609 τςό
555 523 629 586 τὸ
686 523 922 606 ὅμοιον
974 522 1106 587 ὑπὸ
1161 531 1283 588 τοῦ
1338 522 1575 608 ὁμοίου
1629 519 1884 599 ἀπαθὲς
1950 518 2121 588 εἶναι
2168 562 2256 569 -

225 628 433 711 φίλον
486 630 613 713 γὰρ
669 633 924 713 μᾶλλον
976 637 1069 715 τῷ
1125 628 1332 716 ὁμοίῳ
1393 630 1466 695 τὸ
1528 630 1763 714 ὅμοιον
1806 668 1895 675 --
1942 628 2063 714 οὐχ
2120 629 2255 716 ὁρῶ

223 745 367 809 πῶς
419 736 763 817 γενήσεται
806 734 847 817 ἡ
896 735 1142 821 φθορά.
1216 734 1252 799 ὃ
1309 737 1435 822 γὰρ
1491 737 1836 819 γενήσεται
1879 735 1920 819 ἡ
1967 736 2095 820 ὕλη
2140 744 2257 818 τῆς
2309 758 2334 798 5

225 844 420 917 θείας
474 842 818 925 δυνάμεως
871 840 1380 926 ἀποζευχθεῖσα,
1436 840 1618 907 τοῦτ’
1655 837 1741 925 ἦν
1784 841 1947 927 πρὶν
1992 840 2101 907 καὶ
2148 865 2257 927 με-

228 953 468 1032 μῖχθαι
529 949 697 1032 πρὸς
769 947 978 1030 αὐτὴν
1036 948 1158 1031 τὴν
1228 952 1429 1012 θείαν
1494 948 1800 1032 δύναμιν.
1891 950 1951 1014 εῑ
2022 951 2258 1014 τοίνυν

229 1053 569 1119 ἀπολεῖται
617 1053 1035 1140 ἐρημωθεῖσα
1078 1063 1193 1137 τῆς
1236 1059 1429 1130 θείας
1475 1056 1847 1139 δυνάμεως,
1903 1056 2016 1119 διὰ
2060 1059 2130 1119 τί
2169 1056 2257 1140 μὴ

228 1158 340 1225 καὶ
395 1159 691 1225 ἀπώλετο
745 1159 907 1247 πρὶν
959 1157 1069 1225 καὶ
1126 1161 1250 1243 τὴν
1302 1165 1502 1225 θείαν
1561 1162 1852 1246 δύναμιν
1896 1161 1973 1244 <.
2005 1210 2018 1225 .
2049 1210 2062 1225 .
2093 1161 2168 1244 .>
2215 1160 2256 1243 ἡ

229 1269 395 1350 ἄλλη
463 1267 893 1353 δημιουργία,
965 1267 1078 1332 ἵνα
1141 1266 1462 1350 ἀπόληται
1533 1266 1573 1350 ἡ
1647 1266 1805 1350 ὕλη,
1877 1265 1988 1331 καὶ
2061 1276 2256 1332 τοῦτο
2286 1292 2338 1331 10

226 1376 491 1455 ποιήσει
545 1373 771 1458 μέχρις
826 1373 1131 1458 ἀπείρους
1185 1372 1296 1439 καὶ
1342 1377 1412 1437 τί
1452 1374 1526 1438 τὸ
1576 1375 1843 1458 ὄφελος;
1904 1372 1939 1437 ὃ
1995 1375 2122 1457 γὰρ
2169 1373 2256 1458 μὴ

232 1478 492 1562 ἐγένετο
540 1479 610 1545 ἐκ
654 1489 776 1544 τοῦ
819 1481 1086 1565 πρώτου
1131 1482 1566 1564 βουλήματος,
1610 1491 1748 1556 πῶς
1790 1478 1797 1565 Ι
1840 1479 1910 1544 ἐκ
1945 1488 2066 1545 τοῦ
2109 1480 2258 1544 ὃευ-
2277 1487 2461 1542 {1192v

229 1584 429 1671 τέρου
484 1590 854 1670 γενήσεται;
908 1585 949 1670 ἢ
994 1591 1096 1663 τίς
1141 1587 1176 1652 ὁ
1224 1588 1422 1670 λόγος
1466 1594 1607 1675 θεῷ
1652 1586 2006 1651 ἀναθεῖναι
2052 1585 2259 1670 πράγ-

234 1717 406 1778 ματα
444 1692 485 1757 ἃ
522 1691 666 1757 οὐδ’
705 1691 802 1757 ἐπ’
839 1692 1207 1780 ἀνθρώπου
1233 1698 1448 1769 καλῶς
1485 1696 1617 1777 ἔχει
1652 1693 1999 1772 ὑπονοεῖν;
2026 1693 2101 1756 τὸ
2132 1694 2258 1776 γὰρ

233 1799 572 1864 ἀδύνατον
614 1801 971 1885 πρόσεστιν
1015 1807 1106 1887 τῷ
1161 1800 1529 1882 βούλεσθαι
1586 1797 1690 1864 ἐπὶ
1736 1809 1871 1863 τῶν
1914 1798 2259 1880 τοιούτων,
2290 1821 2341 1861 15

233 1908 403 1991 πρὸς
448 1914 539 1994 τῷ
585 1901 750 1990 μηδὲ
793 1907 869 1971 τὸ
916 1907 1313 1990 βούλεσθαι,
1367 1904 1494 1971 κᾶν
1539 1905 1830 1970 δυνατὸν
1874 1894 1945 1990 ᾗ,
1999 1908 2261 1991 προχεί-

234 2037 366 2100 ρως
421 2021 660 2097 χρῆναι
716 2010 969 2094 λε’γειν·
1031 2014 1206 2095 πλὴν
1261 2013 1320 2077 εῑ
1373 2013 1462 2096 μή
1515 2034 1580 2075 τι
1635 2009 1864 2097 ἕτερον
1921 2011 2089 2076 θεὸν
2150 2009 2261 2075 καὶ

232 2121 353 2184 τὸν
427 2117 725 2184 ἐπέκεινα
797 2117 1027 2194 οὐσίας
1099 2116 1446 2201 λέγουσιν,
1519 2118 1736 2201 ὥσπερ
1809 2118 2047 2200 καινήν
2109 2141 2260 2182 τινα
2280 2123 2459 2193 p.21C

234 2226 620 2308 εἰσάγουσιν
662 2224 834 2308 ὕλην
869 2222 980 2288 καὶ
1026 2221 1174 2308 οὐχὶ
1221 2223 1345 2305 τὴν
1378 2220 1873 2307 ὑπειλημμένην
1907 2224 2085 2309 παρὰ
2120 2233 2260 2299 τοῖς

233 2340 406 2397 νοῦν
469 2333 765 2415 ἔχουσιν,
829 2330 915 2412 ἣν
975 2330 1015 2413 ἢ
1079 2329 1166 2414 μὴ
1225 2329 1646 2394 παντάπασιν
1705 2325 1916 2394 οὖσαν
1970 2329 2005 2394 ὁ
2063 2331 2259 2411 λόγος
2288 2353 2341 2393 20

236 2437 525 2522 εὑρίσκει
580 2435 621 2519 ἢ
676 2436 750 2500 τὸ
796 2436 1065 2501 πάντων
1110 2437 1387 2519 ἔσχατον
1431 2432 1541 2499 καὶ
1596 2437 1788 2520 μόγις
1843 2435 1937 2511 εἰς
1992 2436 2262 2500 ἔννοιαν

234 2545 453 2608 νόθον
498 2541 930 2626 ἀφικνεῖσθαι
977 2542 1374 2626 δυνάμενον.

373 2648 541 2713 ἀλλὰ
595 2649 721 2731 γὰρ
777 2647 852 2711 τὸ
906 2656 1040 2731 πῦρ
1084 2647 1160 2710 τὸ
1209 2642 1492 2731 ἀφεγγὲς
1538 2641 1666 2732 ἆρά
1711 2669 1786 2729 γε
1830 2645 2036 2712 πλέον
2083 2646 2262 2713 ἐστὶν

385 2845 421 2893 4
441 2857 562 2907 sqq.
601 2839 671 2894 ef.
708 2838 817 2893 Tit.
847 2839 1100 2893 Bostren.
1130 2838 1156 2890 I
1184 2844 1253 2892 40
1293 2838 1534 2909 (Didym.
1566 2855 1612 2893 ο.
1640 2838 1884 2894 Manioh.
1915 2856 1960 2895 c.
1988 2844 2057 2892 14
2082 2858 2137 2910 p.
2158 2845 2262 2893 213

236 2911 339 2968 inf.
377 2911 620 2979 Basnag.
659 2910 852 2963 Ioann.
890 2909 1150 2964 Damaso.
1190 2909 1324 2965 dial.
1363 2927 1408 2964 ο.
1450 2909 1689 2965 Manich.
1729 2927 1776 2965 ο.
1809 2914 1898 2980 76)
2084 2917 2152 2964 22
2191 2911 2259 2966 cf.

239 2982 386 3037 Plat.
423 2981 562 3036 Tim.
604 2980 703 3034 521>
741 2979 963 3051 (Plotin.
1001 2980 1055 3034 H
1091 2984 1141 3050 4,
1173 2986 1240 3034 10
1280 2982 1376 3052 al.)

387 3163 418 3210 6
456 3160 730 3228 μεμίχθαι
779 3157 838 3210 Μ
1019 3162 1051 3210 9
1099 3156 1373 3211 excidisse
1426 3156 1651 3211 videtur
1693 3158 1810 3210 tale
1857 3155 2039 3226 <πρὸς
2084 3157 2262 3226 αὐτὴν

240 3232 540 3300 μεμῖχθαι,
591 3229 689 3283 καὶ
734 3228 833 3281 διὰ
877 3224 931 3280 τί
974 3235 1071 3297 τῆς
1115 3227 1249 3297 ὕλης
1295 3228 1625 3297 ἀποχωρίζει
1669 3227 1773 3297 τὴν
1808 3230 1980 3282 θείαν
2018 3226 2262 3296 δύναμιν

242 3301 355 3367 (vel
393 3299 492 3353 διὰ
539 3302 600 3354 τί
635 3307 735 3368 τῆς
778 3295 945 3360 θείας
990 3298 1281 3367 δυνάμεως
1331 3307 1647 3368 μηχανᾶται
1701 3297 2120 3371 ἀναχώρησιν»

245 3377 309 3425 11
349 3369 563 3439 ὄφελος
597 3370 682 3425 M:
721 3386 857 3424 corr.
895 3369 940 3422 P
1085 3374 1153 3422 14
1192 3369 1340 3439 ἔχειν
1375 3371 1461 3424 M:
1500 3386 1573 3423 an
1611 3367 1793 3439 εἷχενὶ)
1935 3371 1974 3424 f.
2015 3364 2263 3424 ἐπινοεῖν

380 3447 445 3496 15
486 3440 858 3513 βουλεύεσθαι
892 3440 953 3494 Μ
1072 3446 1139 3493 16
1175 3441 1316 3511 πρὸς
1352 3441 1413 3495 τὸ
1450 3440 1533 3495 M:
1573 3457 1709 3497 corr.
1748 3440 1788 3495 C
1899 3446 1966 3495 18
2002 3440 2042 3496 f.
2080 3440 2262 3512 ὥσπερ

246 3512 429 3586 (καὶ)
468 3511 673 3581 καινήν
