2484 3800
169 146 252 210 12
634 147 1127 205 ΑΛΕΞΑΝΔΡΟΤ
1161 147 1713 200 ΛΤΚΟΠΟΑΙΤΟΤ

166 310 530 393 μεταβολὰς
582 307 775 392 ἠθῶν
819 306 930 373 καὶ
987 307 1060 374 ἐν
1103 318 1181 395 τῇ
1237 318 1415 396 ψυχῇ
1470 311 1701 385 κακίας
1746 302 1916 373 εἶναι
1963 305 2197 390 λέγου-

169 433 282 479 σιν
306 453 414 498 —,
481 424 752 480 σκοπεῖν
812 413 1000 493 ἀξιον
1068 415 1245 492 ὅπως
1305 412 1465 480 ποτὲ
1526 413 1637 480 καὶ
1700 415 1905 480 ταῦτά
1969 431 2199 498 φασιν.

168 520 529 587 ἀλλοιοῦσα
582 522 709 606 γὰρ
765 520 974 604 αὑτὴν
1029 518 1130 586 ἀεὶ
1186 520 1449 608 ἄρξεται
1502 520 1617 587 ἀπ’
1654 521 1857 607 ἀρχῆς
1909 519 2018 585 καὶ
2072 530 2194 586 τοῦ

168 626 374 712 μέσου
434 629 764 712 προῑοῦσα
829 626 1213 712 ἐπιλήψεται
1277 626 1388 693 καὶ
1453 630 1547 705 εἰς
1611 629 1684 692 τὸ
1741 626 1925 704 τέλος
1985 626 2200 703 οὕτως

116 754 141 793 5
169 733 501 819 ἀφίξεται·
547 732 690 800 ἀλλ’
730 736 823 810 εἰς
866 735 941 798 τὸ
989 733 1175 810 τέλος
1221 733 1590 819 ἀφικομένη
1638 733 1719 799 οὐ
1766 736 2070 817 στήσεται
2106 772 2200 780 -

4 847 238 925 ρ.8οεἰ’
275 865 351 923 γε
397 840 592 907 οὐσία
648 839 831 905 ἐστὶν
875 839 1077 924 αὐτῆς
1121 840 1161 924 ἡ
1209 839 1564 918 ἀλλοίωσις
1599 878 1716 925 —,
1771 838 1940 906 ἀλλὰ
1991 840 2202 905 πάλιν

170 946 537 1031 ἀνακάμψει
593 949 706 1012 διὰ
760 958 896 1012 τῶν
941 947 1163 1012 αὐτῶν
1210 945 1318 1013 ἐπὶ
1374 949 1498 1031 τὴν
1542 946 1753 1033 ἀρχὴν
1797 946 1907 1011 καὶ
1954 946 2202 1031 ὁμοίως

171 1051 487 1119 ἐντεῦθεν
526 1052 631 1118 ἐπὶ
668 1055 742 1118 τὸ
781 1052 986 1138 τέλος,
1032 1051 1142 1118 καὶ
1189 1055 1430 1119 οὔποτε
1475 1064 1671 1119 τοῦτο
1708 1062 1994 1119 ποιοῦσα
2028 1054 2198 1118 παύ-

169 1177 367 1224 σεται.
443 1151 591 1225 οἷον
636 1162 695 1225 εἰ
741 1159 1075 1225 ἀλλοιοῖτο
1121 1160 1161 1244 ἡ
1210 1164 1372 1243 ΑΓ,
1428 1158 1633 1245 μέσον
1688 1156 1763 1225 δὲ
1816 1161 1890 1225 τὸ
1939 1165 2017 1243 Β,
2064 1159 2194 1224 ἀπὸ

91 1292 142 1330 10
169 1262 292 1350 μὲν
337 1276 458 1331 τοῦ
496 1272 560 1330 A
618 1265 658 1349 ἡ
705 1268 1031 1351 μεταβολὴ
1079 1266 1381 1351 ἀφίξεται
1426 1264 1576 1350 (ἐπὶ
1622 1267 1695 1331 τὸ
1734 1252 1836 1352 Β>
1877 1265 1986 1332 καὶ
2034 1265 2195 1331 ἐκεῖ-

168 1379 297 1436 θεν
353 1370 458 1437 ἐπὶ
512 1374 586 1437 τὸ
649 1358 735 1437 Γ·
793 1374 998 1438 παλιν
1055 1376 1292 1438 τοίνυν
1346 1372 1474 1438 ἀπὸ
1530 1382 1650 1438 τοῦ
1707 1375 2003 1472 ἅκρου-
1970 1383 2090 1438 τοῦ
2138 1359 2211 1438 Γ

171 1476 276 1543 ε’πὶ
331 1479 405 1543 τὸ
452 1480 509 1542 Β
557 1478 1072 1563 ἀνακαμπτουσα
1110 1478 1420 1563 ἀφίξεταί
1457 1501 1615 1545 ποτε
1664 1477 1769 1544 ἐπὶ
1816 1481 1890 1545 τὸ
1935 1485 2034 1563 A,
2080 1477 2191 1544 καὶ

169 1593 366 1650 τοῦτο
422 1587 604 1650 ἔσται
658 1587 772 1650 διὰ
825 1588 1088 1663 παντός.
1170 1587 1388 1671 ὥσπερ
1451 1585 1578 1650 ἀπὸ
1639 1595 1759 1650 τοῦ
1819 1584 2099 1670 μέλανος
2153 1585 2196 1668 ἡ

170 1694 527 1776 μεταβολή,
581 1690 786 1776 μέσον
840 1688 914 1756 δὲ
968 1693 1042 1757 τὸ
1099 1693 1306 1776 φαιὸν
1359 1689 1469 1757 καὶ
1525 1694 1732 1778 ἄκρον
1789 1694 1864 1757 τὸ
1922 1695 2202 1757 λευκόν·

93 1821 144 1860 15
171 1797 375 1863 πάλιν
438 1794 513 1863 δὲ
577 1797 909 1864 ἀνάπαλιν
971 1797 1100 1863 ἀπὸ
1175 1799 1419 1863 τούτου
1493 1796 1599 1862 ἐπὶ
1663 1799 1737 1862 τὸ
1812 1800 2016 1882 φαιὸν
2087 1796 2201 1862 καὶ

172 1905 414 1989 ὁμοίως
479 1902 585 1970 ἐπὶ
648 1905 723 1970 τὸ
787 1904 1021 1989 μέλαν·
1084 1905 1289 1970 πάλιν
1352 1901 1427 1969 δὲ
1490 1904 1618 1970 ἀπὸ
1682 1914 1803 1969 τοῦ
1859 1910 2100 1970 λευκοῦ
2154 1904 2200 1988 ἡ

172 2011 337 2097 ἀρχὴ
384 2020 499 2094 τῆς
544 2010 977 2094 ἀλλοιώσεως,
1022 2010 1062 2094 ἡ
1101 2010 1267 2094 αὐτὴ
1306 2012 1565 2095 ἔφοδος.
1628 2012 1687 2076 εἰ
1724 2011 1807 2094 δὴ
1845 2009 2005 2076 VIH
2051 2009 2189 2076 κατ’

174 2117 534 2183 ἀλλοίωσιν
576 2118 929 2194 κακοποιὸς
975 2119 1151 2182 αἰτία
1201 2115 1383 2182 ἐστὶν
1426 2117 1466 2200 ἡ
1512 2117 1661 2200 ὕλη,
1709 2117 1789 2182 οὐ
1835 2119 2089 2201 μᾶλλόν
2135 2141 2203 2182 τι

172 2224 524 2299 κακοποιὸς
568 2222 609 2307 ἢ
656 2222 1067 2306 ἀγαθοποιὸς
1115 2223 1289 2289 οὕτω
1327 2247 1402 2305 γε
1448 2225 1803 2288 δείκνυται.
1869 2227 2032 2289 ἔστω
2069 2226 2198 2309 γὰρ

98 2354 147 2393 20
173 2330 213 2413 ἡ
253 2330 419 2416 ἀρχὴ
467 2337 582 2413 τῆς
626 2329 1038 2406 ἀλλοιώσεως
1084 2329 1212 2395 ἀπὸ
1260 2338 1381 2395 τοῦ
1426 2339 1654 2413 κακοῦ,
1702 2329 1951 2395 οὐκοῦν
1992 2329 2206 2406 οὕτως

176 2435 304 2500 ἀπὸ
377 2437 621 2501 τούτου
692 2438 804 2501 διὰ
875 2447 1010 2501 τῶν
1074 2435 1466 2522 ἀδιαφόρων
1530 2434 1637 2502 ἐπὶ
1701 2438 1775 2502 τὸ
1842 2436 2104 2520 ἀγαθὸν
2157 2436 2202 2520 ἡ

177 2542 552 2620 ἀλλοίωσις·
615 2542 757 2608 ἀλλ’
804 2542 932 2608 ἀπὸ
997 2552 1118 2607 τοῦ
1178 2542 1476 2627 ἀγαθοῦ,
1542 2544 1746 2608 πάλιν
1800 2547 2035 2609 τοίνυν
2088 2544 2203 2608 διὰ

176 2660 311 2714 τῶν
356 2649 746 2736 ἀδιαφόρων
790 2645 836 2735 ἡ
879 2650 1073 2736 ἀρχή·
1129 2648 1249 2716 εἴτ’
1298 2648 1403 2714 ἐπὶ
1459 2651 1611 2715 τόδε
1656 2651 1730 2715 τὸ
1779 2651 2015 2736 ἄκρον,
2073 2656 2190 2714 εἴτ’

180 2753 286 2820 ἐπὶ
340 2757 414 2819 τὸ
471 2754 698 2842 ἕτερον
751 2756 791 2840 ἡ
848 2760 1136 2839 κίνησις,
1184 2755 1227 2821 ὁ
1280 2754 1478 2832 αὐτὸς
1532 2758 1744 2838 λόγος.
1833 2753 1945 2820 καὶ
1998 2764 2207 2821 ταῦτα

98 2886 150 2926 25
180 2860 250 2926 ἐκ
293 2865 679 2954 περιουσίας
723 2860 1008 2945 λέγεται·
1062 2871 1241 2927 πᾶσα
1286 2858 1409 2946 μὲν
1454 2862 1582 2947 γὰρ
1628 2863 1888 2944 κίνησις
1932 2861 2083 2946 περὶ
2128 2862 2208 2927 τὸ

319 3076 351 3125 3
391 3072 567 3142 αὐτὴν
604 3072 663 3125 Μ
788 3077 820 3125 9
857 3071 892 3140 ἡ
941 3060 1064 3127 &1²2
1102 3071 1141 3126 i.
1178 3070 1405 3142 γραμμή
1527 3069 1695 3142 μέσον
1733 3070 1797 3126 δὲ
1834 3072 1897 3127 τὸ
1937 3071 2207 3142 δεύτερον

178 3160 282 3215 δύο
318 3160 402 3216 Μ.
453 3178 590 3216 corr.
648 3162 688 3215 C
838 3165 905 3214 10
943 3159 1080 3250 <ἐπὶ
1116 3160 1178 3214 τὸ
1229 3160 1322 3234 Β)
1361 3159 1586 3214 addidit
1622 3159 1663 3215 C
1831 3165 1897 3214 16
1934 3159 2105 3214 πάλιν
2143 3158 2202 3214 δ’

179 3230 233 3287 εἰ
285 3232 427 3287 coni.
483 3232 695 3286 Usener
920 3236 986 3285 17
1034 3230 1144 3300 ἤδη
1181 3232 1267 3287 Μ.
1324 3229 1379 3285 εἰ
1430 3230 1500 3300 δὴ
1559 3229 1759 3300 scripsi
1988 3237 2055 3286 23
2091 3247 2209 3285 non

180 3319 342 3383 sana3
390 3305 490 3357 aut
542 3302 577 3370 ἡ
635 3302 777 3372 ἀρχὴ
833 3319 935 3372 per
980 3318 1220 3357 errorem
1272 3302 1602 3371 repetitum,
1641 3304 1742 3356 aut
1775 3301 1950 3356 verba
1988 3301 2211 3370 aliquot

180 3345 388 3425 omissa
439 3377 570 3427 sunt
605 3373 761 3428 velut
806 3373 941 3463 <ἐπὶ
985 3374 1048 3427 τὸ
1094 3374 1272 3428 κακὸν
1318 3372 1353 3441 ἡ
1402 3374 1713 3435 ἀλλοίωσις·
1772 3374 1854 3443 (et
1906 3374 1972 3426 ut
2014 3375 2212 3427 monet

179 3442 413 3579 gegner)
458 3445 556 3497 καὶ
611 3442 745 3506 ὅλως
789 3442 892 3499 εἴτ’
941 3445 1054 3499 ἀπὸ
1101 3454 1199 3499 τοῦ
1248 3452 1425 3499 κακοῦ
1473 3442 1576 3499 εἴτ’
1628 3444 1742 3498 ἀπὸ
1795 3452 1893 3498 τοῦ
1932 3443 2207 3517 ἀγαθοῦ)
