2484 3800
146 98 235 162 20
616 99 1111 156 ΔΛΕΞΑΝΔΡΟΤ
1148 96 1700 149 ΑΤΚΟΠΟΛῙΤΟΤ

145 257 221 326 δὲ
264 262 384 326 τὸν
429 259 725 347 οὐρανὸν
756 257 868 324 καὶ
913 261 1070 338 τοὺς
1115 258 1393 346 ἀστέρας
1440 265 1506 324 εἴ
1544 284 1608 324 τι
1657 267 1967 324 τοιοῦτον
2003 251 2184 323 εἷναί

145 380 373 451 φησιν,“
419 363 530 431 καὶ
576 368 648 430 τί
684 363 828 431 ποτ’
867 362 1047 431 ἐστὶν
1082 375 1304 450 τοῦτο,
1351 366 1635 448 εὔλογον
1673 363 1905 450 ἐφεξῆς
1946 368 2177 448 ζητεῖν.

146 471 288 539 ἀλλ’
333 472 374 557 ἡ
431 470 556 558 μὲν
611 471 841 550 ἀταξία
894 470 1033 536 κατ’
1083 471 1328 548 αὐτούς
1383 470 1521 537 ἐστι
1576 473 1650 537 τὸ
1705 473 1913 537 κακὸν
1965 469 2075 536 καὶ
2133 471 2174 554 ἡ

146 581 423 656 ἄτακτος
466 582 755 663 κίνησις·
800 588 1007 644 ταῦτα
1044 574 1120 643 δὲ
1156 576 1261 644 ἀεὶ
1296 580 1460 644 κατὰ
1496 580 1576 644 τὰ
1614 578 1781 645 αὐτὰ
1817 577 1927 644 καὶ
1965 579 2180 644 ὡσαύ-

92 713 118 753 5
147 711 274 763 τως
331 689 494 770 ἔχει,
548 683 659 750 καὶ
716 686 867 751 οὔτε
921 687 1073 751 τινὰ
1126 697 1263 750 τῶν
1316 684 1768 770 πλανωμένων
1818 686 2180 751 αἰτιάσεται

149 794 236 870 ὡς
280 794 460 878 παρὰ
504 793 626 857 τὸν
669 790 1069 877 τεταγμένον
1105 795 1355 879 χρόνον
1392 792 1727 876 έπιμεῖναί
1764 815 1924 858 ποτε
1970 793 2179 880 ζῳὸίω

20 919 126 968 85*
148 899 547 983 ἀξιώσαντα,
581 896 588 987 Ι
619 900 773 965 οὔτε
816 910 952 965 τῶν
996 898 1315 965 ἀπλανῶν
1360 901 1448 976 ὡς
1493 898 1617 964 οὐκ
1663 897 1770 964 ἐπὶ
1817 909 1933 982 τῆς
1978 899 2179 983 αὐτῆς

146 1005 432 1092 μένοντα
488 1005 686 1092 ἕδρας
742 1004 852 1072 καὶ
907 1007 995 1091 μὴ
1043 1011 1669 1092 συμπεριπολοῦντα
1723 1015 1803 1092 τῇ
1848 1015 1970 1072 τοῦ
2015 1028 2181 1071 παν-

146 1115 258 1191 τὸς
314 1123 651 1200 περιφορᾷ
710 1113 785 1179 έν
845 1111 1080 1179 ἑκατὸν
1139 1116 1357 1179 ἔτεσιν
1414 1117 1577 1197 μίαν
1634 1124 1880 1199 μοῖραν
1934 1111 2040 1178 ἐπὶ
2099 1114 2181 1178 τά

69 1248 119 1285 10
149 1219 435 1303 ἑπόμενα
487 1222 904 1305 κινούμενον.
987 1219 1062 1286 ἐν
1106 1230 1191 1307 γῇ
1250 1216 1324 1285 δὲ
1375 1222 1434 1286 εἰ
1478 1222 1554 1285 τὸ
1600 1219 1936 1306 ἀνήμερον
1983 1218 2183 1284 ἐνίων

146 1329 411 1413 χωρίων
457 1328 772 1410 αἰτιᾶται,
827 1326 868 1411 ἢ
916 1326 1290 1414 μέμφονται
1337 1328 1402 1392 οἱ
1458 1330 1860 1413 κυβερνῆται
1903 1328 2061 1403 τοὺς
2108 1325 2184 1392 ἐν

147 1442 224 1518 τῇ
280 1433 588 1520 θαλάσσῃ
645 1444 1000 1518 χειμῶνας,
1063 1444 1334 1518 πρῶτον
1397 1430 1521 1518 μὲν
1574 1431 1713 1498 κατ’
1759 1432 2005 1509 αὐτοὺς
2067 1442 2184 1516 τῆς

147 1549 268 1605 τοῦ
315 1540 583 1622 ἀγαθοῦ
626 1542 863 1626 μοίρας
897 1543 979 1605 τὰ
1014 1550 1307 1605 τοιαῦτα.
1372 1542 1431 1605 εἰ
1466 1549 1637 1622 γοῦν
1674 1537 1780 1605 ἐπὶ
1817 1548 1939 1623 γῆς
1975 1537 2184 1624 μηδὲν

149 1647 412 1731 φύοιτο,
458 1647 732 1730 τάχιστα
776 1644 862 1712 ἂν
907 1646 1222 1712 ἀπόλοιτο
1268 1647 1485 1711 πάντα
1529 1648 1611 1711 τὰ
1657 1649 1812 1733 ζῷα·
1862 1656 2061 1712 τοῦτο
2108 1643 2183 1711 δὲ

69 1780 119 1819 15
146 1755 320 1818 πολὺ
375 1761 491 1837 τῆς
548 1751 1108 1838 ἐναπειλῃμμένῃς
1160 1763 1239 1838 τῇ
1286 1752 1415 1839 ὕλῃ
1465 1754 1808 1837 δυνάμεως
1851 1754 2019 1839 πρὸς
2063 1755 2184 1818 τὸν

148 1860 318 1926 θεὸν
362 1859 792 1947 παραπέμψαι
839 1859 1140 1944 δύναται,
1186 1856 1297 1925 καὶ
1342 1859 1591 1937 πολλὰς
1638 1861 1917 1943 σελήνας
1962 1860 2183 1943 δεήσει

151 1964 498 2052 γενέσθαι,
572 1968 685 2032 ἵνα
748 1967 1016 2053 ἀθρόως
1079 1975 1374 2052 χωρῆσαι
1439 1969 1791 2051 δυνηθῶσι
1860 1968 2183 2044 τοσαύτας

21 2074 731 2159 ι2Οπροσπελαζούσας
799 2074 1031 2158 ψυχάς.
1131 2074 1212 2137 τὰ
1286 2069 1363 2138 δὲ
1435 2073 1602 2139 αὐτὰ
1672 2072 1784 2138 καὶ
1846 2071 1999 2158 περὶ
2059 2074 2186 2156 τὴν

151 2181 517 2245 θάλατταν·
573 2178 850 2266 ἕρμαιον
903 2182 1029 2265 γὰρ
1086 2178 1539 2264 ἀπόλλυσθαι,
1595 2181 1708 2245 ἵνα
1752 2180 2023 2264 τάχιστα
2066 2189 2185 2263 τῆς

74 2312 124 2350 20
151 2287 317 2371 πρὸς
375 2287 495 2350 τὸν
548 2286 719 2350 θεὸν
772 2286 937 2352 ὁδοῦ
993 2289 1272 2369 ἔχωνται
1327 2286 1392 2351 οἱ
1448 2285 1914 2371 ἀπολλύμενοι.
1988 2288 2053 2352 οἱ
2109 2282 2186 2351 δὲ

151 2396 428 2476 πόλεμοι
475 2394 541 2458 οἱ
589 2390 696 2458 ἐπὶ
733 2401 853 2475 γῆς
888 2392 998 2457 καὶ
1036 2391 1217 2477 λιμοὶ
1255 2391 1365 2457 καὶ
1410 2403 1546 2458 πᾶν
1583 2394 1618 2458 ὅ
1657 2417 1720 2458 τι
1758 2395 2185 2480 φθοροποιὸν

155 2500 228 2563 ἐν
290 2502 562 2586 πλείστῃ
622 2509 776 2585 τιμῇ
839 2497 978 2563 κατ’
1035 2498 1310 2576 αὐτούς·
1373 2509 1510 2564 πᾶν
1572 2502 1699 2584 γὰρ
1764 2500 1838 2564 τὸ
1904 2499 2184 2583 ἀγαθῶν

154 2613 372 2671 αἴτιον
424 2608 728 2690 τιμητόν,
788 2605 1052 2688 ἀγαθοῦ
1111 2602 1186 2670 δὲ
1240 2612 1419 2671 αἴτια
1473 2614 1679 2670 ταῦτα
1735 2604 1807 2670 ἐκ
1860 2615 1974 2689 τῆς
2021 2623 2185 2692 συμ-

154 2714 516 2796 βαινούσης
561 2719 827 2798 φθορᾶς
870 2713 1037 2798 πρὸς
1074 2713 1192 2777 τὸν
1227 2713 1397 2778 θεὸν
1430 2711 1847 2798 παραπέμπει
1883 2713 2005 2796 τὴν
2042 2713 2184 2777 δια-

298 2946 366 2995 20
387 2958 508 3009 sqq.
546 2939 616 2997 cf.
648 2936 768 2996 Tit.
807 2940 1061 2997 Bostren.
1101 2940 1153 2994 II
1191 2946 1258 2994 26

302 3123 369 3172 10
406 3118 713 3188 κινούμενα
748 3118 834 3173 M:
880 3118 1216 3188 κινούμενον
1270 3116 1469 3187 scripsi
1507 3134 1577 3171 ex
1611 3116 1924 3188 Hipparchi
1960 3120 2018 3173 et
2052 3119 2185 3173 Pto-

157 3189 361 3244 lemaei
397 3191 635 3260 (μαθημ.
675 3187 895 3254 συντάξ.
918 3190 1022 3243 VII
1052 3193 1212 3260 1—3)
1251 3189 1508 3244 doctrina.
1536 3188 1892 3259 (impugnata
1920 3205 1955 3243 a
1981 3190 2181 3245 Proclo

159 3259 219 3310 in
275 3259 416 3314 Tim.
455 3260 535 3314 IV
588 3278 643 3330 p.
674 3259 808 3313 277³
834 3261 976 3328 sqq.)
1230 3267 1296 3315 17
1351 3260 1650 3323 τοσαύταις
1702 3263 2187 3327 προσπελάζουσαι

160 3336 370 3396 ψυχαῖς
404 3331 487 3385 M:
539 3347 676 3385 corr.
714 3328 755 3384 C
944 3336 1011 3385 19
1060 3326 1294 3403 ἕρμαῖον
1341 3332 1400 3385 Μ
1578 3337 1647 3385 23
1693 3330 1952 3402 τιμητέον
1999 3330 2039 3386 O

163 3402 231 3448 24
271 3398 431 3451 scrib.
473 3397 595 3472 (ἢ)
649 3399 789 3470 πρὸς
833 3397 944 3457 κτὲ.
990 3403 1082 3457 vel
1129 3408 1197 3456 23
1252 3401 1602 3477 ταῦτα,<ἃ>
1624 3399 1685 3457 ἐκ
1738 3402 1832 3457 vel
1851 3401 1996 3477 <εἰ>
2018 3398 2080 3458 ἐκ
2118 3407 2186 3458 ut

163 3466 379 3518 mavult
414 3468 655 3530 Usener,
