2484 3800
763 147 962 198 ΠΡΟΣ
999 150 1140 199 ΤΑΣ
1177 149 1592 202 MANIXAIOT
1627 147 1870 208 ΔΟΞΑΣ
2237 148 2325 212 23

299 307 418 371 τὸν
463 309 835 374 σπουδαῖον
879 309 1197 392 γενέσθαι
1241 313 1283 394 ἥ
1329 311 1480 376 τινά
1525 335 1600 394 γε
1651 308 2000 396 ἐνδέχεται.
2092 313 2150 377 εἰ
2203 308 2329 397 μὲν

300 415 426 499 γὰρ
483 412 706 491 οὐδεὶς
760 419 996 500 σοφός,
1061 421 1132 482 τί
1181 419 1423 501 δήποτε
1478 417 1677 495 αὐτὸς
1732 418 1768 484 ὁ
1815 421 2193 502 Μανιχαῖος
2238 456 2326 462 —-

300 517 384 584 ἐῶ
457 521 583 605 γὰρ
648 523 806 598 τοὺς
869 524 1112 599 ἄλλους
1166 562 1255 568 ——
1305 523 1387 587 οὐ
1450 526 1662 607 μόνον
1726 525 2089 599 σπουδαῖος
2153 518 2326 588 εἶναι

301 622 511 710 λέγει,
557 625 725 693 ἀλλὰ
770 627 881 692 καὶ
927 631 1172 706 ἄλλους
1217 629 1425 714 φησὶν
1473 631 1698 707 ἱκανὸς
1753 626 1925 695 εἶναι
1980 629 2327 707 τοιούτους

297 741 598 815 ποιῆσαι,
653 735 712 798 εἰ
767 733 825 798 δ’
874 735 1042 810 ὅλως
1096 737 1280 800 ἔστιν
1332 759 1460 819 τις,
1517 734 1590 800 τί
1627 737 1869 801 κωλύει
1921 734 2032 800 καὶ
2078 735 2327 812 πάντας
2381 759 2407 798 5

299 836 614 919 γενέσθαι
663 842 1097 920 σπουδαίους;
1154 840 1189 906 ὃ
1235 844 1364 928 γὰρ
1413 840 1563 928 περὶ
1610 840 1756 925 ἕνα,
1812 840 1921 907 καὶ
1968 841 2119 929 περὶ
2164 843 2328 908 πάν-

297 966 415 1019 τας
480 945 838 1032 ἐνδέχεται,
901 946 1011 1012 καὶ
1073 946 1157 1012 δι’
1211 943 1308 1012 ὧν
1366 948 1477 1014 καὶ
1539 941 1663 1032 εἷς,
1724 950 1837 1014 διὰ
1900 950 2158 1015 τούτων
2216 949 2326 1016 καὶ

293 1053 539 1130 πάντες
602 1053 897 1141 ἐνάρετοι
964 1053 1049 1119 ἂν
1111 1053 1443 1138 γένοιντο·
1517 1057 1575 1121 εῑ
1646 1059 1736 1140 μή
1808 1060 1879 1121 τί
1941 1074 2149 1140 φασιν
2211 1067 2327 1140 τῆς

297 1159 642 1243 δυνάμεως
694 1166 1007 1226 πλεῖστον
1060 1171 1200 1237 τοῖς
1258 1162 1587 1238 τοιούτοις
1646 1160 2327 1247 ἐναπολαμβάνεσθαι.

293 1266 502 1330 πάλιν
564 1270 798 1332 τοίνυν
859 1279 1127 1354 πρῶτον
1190 1264 1313 1352 μὲν
1376 1271 1476 1344 τίς
1539 1271 1727 1352 χρεία
1790 1278 1911 1333 τοῦ
1983 1268 2134 1354 περὶ
2204 1272 2326 1353 τὴν
2355 1292 2407 1330 10

293 1373 650 1437 παίδευσιν
685 1375 928 1454 πόνου;
965 1378 1327 1458 γενοίμεθα
1364 1376 1490 1461 γὰρ
1530 1373 1614 1438 ἂν
1650 1376 2094 1452 καθεύδοντες
2124 1393 2327 1441 σπου-

292 1480 491 1545 δαῖοι.
564 1479 604 1562 ἢ
653 1481 764 1545 διὰ
809 1484 880 1544 τί
918 1482 1201 1565 μάλιστα
1259 1483 1416 1558 τοὺς
1470 1479 1933 1566 ἀκροωμένους
1992 1481 2214 1547 αὐτῶν
2260 1485 2326 1548 οἱ

288 1595 587 1651 τοιοῦτοι
652 1588 891 1673 ἄνδρες
956 1588 1050 1664 εἰς
1120 1587 1355 1653 ἐλπίδα
1416 1589 1654 1669 ἄγουσι
1718 1598 1839 1653 τοῦ
1908 1593 2144 1668 καλοῦ;
2215 1587 2324 1654 καὶ

291 1696 420 1779 γὰρ
467 1694 978 1777 καλινδούμενοι
1017 1697 1146 1759 σὺν
1180 1705 1323 1771 ταῖς
1362 1694 1651 1781 ἑταίραις
1695 1695 1769 1759 τὸ
1818 1696 2068 1760 οἰκεῖον
2109 1698 2325 1778 ἔχοιεν

286 1799 378 1864 ’ἂν
441 1799 720 1882 ἀγαθόν.
814 1801 871 1864 εῑ
936 1797 1009 1865 δὲ
1072 1800 1112 1883 ἡ
1179 1802 1528 1877 παίδευσις
1581 1799 1691 1865 καὶ
1746 1801 1786 1884 ἡ
1843 1802 2222 1887 περιαγωγὴ
2282 1801 2323 1885 ἡ
2355 1824 2406 1862 15

293 1911 578 1992 βελτίων
613 1905 722 1972 καὶ
769 1909 843 1972 τὸ
891 1910 1261 1973 σπουδαῖον
1295 1906 1447 1995 περὶ
1489 1910 1612 1991 τὴν
1647 1916 1763 1991 τῆς
1807 1907 2040 1995 ἀρετῆς
2085 1909 2329 1992 ἀνάλη-

291 2027 417 2094 ψιν
461 2024 770 2080 τοιοῦτον
815 2015 1021 2079 αὐτὸν
1061 2014 1568 2102 ἀπειργάσαντο,
1614 2016 1854 2091 πάντες
1900 2014 2325 2098 γινέσθωσαν

289 2131 616 2204 τοιοῦτοι,
672 2118 781 2185 καὶ
839 2118 1159 2207 ἀνῄρηται
1211 2121 1253 2205 ἡ
1308 2120 1738 2208 θρυλουμένη
1795 2119 1905 2186 ὑπ’
1945 2120 2166 2185 αὐτῶν
2210 2131 2326 2205 τῆς

291 2228 458 2311 ὕλης
505 2229 779 2304 ἄτακτος
824 2230 1098 2310 κίνησις.
1161 2230 1335 2292 πολὺ
1374 2224 1448 2292 δὲ
1486 2229 1761 2292 κάλλιον
1796 2222 1881 2310 ἦν
1917 2228 2040 2310 τὴν
2077 2231 2325 2311 σοφίαν

294 2336 504 2401 ὅπλον
551 2335 758 2418 φάναι
803 2343 943 2408 τοῖς
988 2332 1376 2418 ἀνθρώποις
1420 2332 1552 2398 ὑπὸ
1598 2342 1719 2398 τοῦ
1764 2340 1933 2398 θεοῦ
1982 2334 2323 2419 δεδόσθαι,
2352 2359 2405 2397 20

294 2440 381 2506 ἵν’
420 2442 455 2507 ὅ
504 2440 685 2506 ἐστιν
731 2440 957 2515 αὐτοῖς
1002 2441 1116 2504 διὰ
1160 2440 1235 2504 τὸ
1283 2441 1698 2523 αἰσθητικοῖς
1756 2435 1926 2504 εἶναι
1976 2438 2039 2517 ἐξ,
2089 2439 2326 2505 ἐπιθυ-

294 2549 449 2632 μίας
502 2545 611 2611 καὶ
666 2546 942 2629 ἡδονῆς,
1006 2555 1202 2611 τοῦτο
1262 2548 1427 2610 κατὰ
1489 2547 1730 2630 μικρὸν
1785 2547 1878 2622 εἰς
1932 2548 2005 2611 τὸ
2063 2546 2325 2630 ἀγαθὸν

290 2655 704 2740 περιάγουσα
747 2653 822 2717 τὸ
863 2650 1187 2736 ἑπόμενον
1224 2653 1476 2717 ἄτοπον
1514 2650 1577 2729 ἐξ,
1617 2652 1836 2716 αὐτῶν
1874 2652 2101 2739 ἀνέλῃ·
2150 2653 2322 2719 οὕτω

294 2763 422 2845 γὰρ
471 2760 666 2825 αὐτοί
714 2783 784 2824 τε
839 2758 1082 2845 ἀρετὴν
1128 2758 1681 2843 ἐπαγγελλόμενοι
1737 2761 2081 2825 διδάσκειν
2126 2764 2325 2844 ζηλω-

291 2865 398 2932 τοὶ
455 2866 541 2932 ἂν
592 2862 763 2950 ἦσαν
816 2873 931 2948 τῆς
982 2863 1365 2949 προθέσεως
1418 2863 1528 2929 καὶ
1584 2874 1704 2931 τοῦ
1759 2869 1942 2951 βίου,
1996 2869 2209 2951 πολλή
2253 2892 2323 2934 τε
2352 2889 2403 2928 25

293 2972 381 3037 ἂν
425 2968 509 3056 ἦν
556 2969 739 3048 ἐλπὶς
792 2981 913 3037 τοῦ
969 2972 1071 3036 ὅτι
1125 2968 1284 3037 ποτὲ
1337 2971 1658 3036 παύσεται
1712 2974 1793 3037 τὰ
1843 2974 2009 3037 κακὰ
2054 2975 2324 3040 πάντων

439 3169 472 3218 5
510 3164 580 3220 cf.
620 3166 729 3219 act.
768 3162 1031 3217 Archelai
1065 3182 1120 3233 p.
1152 3168 1218 3216 83
1257 3162 1475 3216 Routh²

438 3311 505 3360 13
541 3307 671 3367 τοὺς
707 3305 912 3367 καλούς
946 3304 1029 3361 M:
1071 3322 1208 3360 corr.
1250 3303 1291 3359 C
1479 3311 1546 3359 14
1583 3300 1800 3375 ἑτέραις
1834 3306 1917 3359 M:
1958 3321 2097 3359 corr.
2137 3306 2177 3358 C

291 3384 363 3431 24
402 3374 894 3447 ἐπαγγελλόμενοιε
925 3396 986 3431 εν
1014 3376 1075 3430 in
1101 3376 1276 3430 litura
1302 3378 1418 3428 tres
1446 3376 1668 3429 litteras
1696 3373 1953 3444 capiente
1982 3374 2041 3426 M
2122 3381 2189 3429 26
2219 3385 2318 3430 τοῦ

291 3447 406 3504 ὅτις
456 3450 523 3503 ef.
564 3448 770 3503 Plotin.
803 3448 852 3501 11
878 3453 930 3515 4,
953 3453 1020 3501 13
1074 3447 1172 3502 inf.
1220 3445 1413 3514 Apsin.
1461 3464 1514 3514 p.
1538 3451 1657 3513 333,
1680 3451 1749 3497 24
1794 3444 1914 3513 Sp.²
1959 3444 2206 3501 Method.
2248 3447 2317 3500 de

293 3519 473 3574 libero
511 3519 676 3574 arbit.
710 3525 758 3589 6,
790 3523 821 3571 6
861 3519 933 3572 al.
1078 3517 1149 3572 τὰ
1186 3515 1331 3570 κατὰ
1367 3516 1450 3572 M:
1491 3532 1628 3569 eorr.
1668 3514 1708 3569 O
