2484 3800
778 88 978 138 ΠΡΟΣ
1015 87 1156 137 ΤΑΣ
1191 87 1611 139 ΜΑΝΙΧΑΙΟΤ
1645 83 1888 145 ΔΟΞΑΣ
2259 88 2342 152 19

306 266 467 311 ποτε
516 245 805 331 έμειώθη
851 255 1088 330 ταῦτα,
1136 247 1248 312 ἵνα
1292 245 1403 311 καὶ
1449 249 1564 324 τὰς
1611 249 1705 324 εἰς
1750 250 1824 313 τὸ
1872 246 2119 333 μέλλον
2164 249 2342 315 ἐλπί-

307 353 429 428 δας
474 355 776 436 βελτίους
822 356 1087 438 ἔχωμεν.
1172 359 1387 430 καλῶς
1432 355 1558 439 γὰρ
1607 356 1688 439 δὴ
1735 357 1900 440 πρὸς
1947 356 2066 420 τὸν
2116 359 2340 440 Ζήνω-
2403 345 2408 350 ’

306 484 423 536 νος
469 469 588 524 τοῦ
634 459 918 537 Κιτιέως
954 466 1207 546 εἴρηται
1246 463 1470 543 λόγον,
1510 460 1583 536 ὃς
1629 461 1725 525 ετὸ
1772 471 1906 526 πᾶν
1953 461 2340 547 έκπυρωθή-

308 565 523 631 σεται’
571 563 786 649 λέγων
833 567 999 632 ρπᾶν
1043 568 1117 631 τὸ
1177 577 1373 632 καῖον
1418 568 1572 651 ἔχον
1616 567 1827 653 καύσῃ
1881 568 2042 634 ὅλον
2085 569 2338 653 καύσει,

303 671 416 737 καὶ
463 672 499 738 ὁ
546 673 733 756 ἥλιος
785 681 920 758 πῦρ
978 673 1160 738 ἐστιν
1214 672 1325 738 καὶ
1372 672 1408 737 ὃ
1456 676 1588 757 ἔχει
1644 674 1725 739 οὐ
1780 674 2070 754 παύσας’
2134 673 2198 753 ἐξ
2256 672 2338 741 οὗ
2393 698 2417 738 5

305 781 650 863 συνήγετο,
698 780 785 855 ὡς
833 778 1016 866 ᾤετο,
1062 781 1136 844 τὸ
1183 789 1319 844 πᾶν
1365 778 1991 866 ἐκπυρωθήσεσθαι·
2047 782 2213 866 πρὸς
2260 783 2339 848 ὅν

300 910 402 962 τις
455 897 590 951 τῶν
635 885 1077 972 χαριεστέρων
1123 884 1456 971 εἰρηκέναι
1503 886 1787 969 λέγεται·
1835 886 2008 953 (ἀλλ’
2058 886 2185 971 ἐγώ
2232 913 2338 954 τοι

299 989 463 1075 χθὲς
507 991 616 1057 καὶ
661 993 791 1078 πρὸ
841 992 1151 1058 ἐνιαυτοῦ
1198 991 1309 1057 καὶ
1346 994 1475 1078 πρὸ
1513 996 1822 1071 πλειόνος
1858 997 2111 1078 χρόνου
2152 991 2337 1061 εἶδον

297 1097 408 1164 καὶ
455 1108 585 1164 νῦν
630 1099 875 1183 ὁμοίως
931 1099 1066 1185 ὁρῶ
1115 1095 1318 1164 οὐδὲν
1362 1099 1494 1164 ὑπὸ
1541 1109 1661 1165 τοῦ
1708 1101 1919 1186 πυρὸς
1974 1109 2094 1166 τοῦ
2138 1102 2336 1185 ἡλίου

297 1206 681 1282 πεπονθώς·
737 1214 906 1291 χρῆν
962 1202 1036 1270 δὲ
1093 1207 1222 1270 σὺν
1275 1209 1493 1293 χρόνῳ
1547 1205 1685 1271 κατ’
1732 1206 1966 1289 ὀλίγον
2019 1206 2333 1290 γενέσθαι
2363 1234 2414 1273 10

296 1321 516 1396 τοῦτο,
554 1313 668 1377 ἵνα
703 1312 813 1377 καὶ
853 1313 953 1378 ὅτι
993 1309 1153 1377 ποτὲ
1191 1311 1735 1397 ἐκπυρωθήσεται
1772 1314 1845 1377 τὸ
1881 1314 2042 1379 ὅλον
2067 1313 2336 1378 πιστεύ-

297 1419 558 1503 σωμεν.’
629 1418 740 1484 καὶ
793 1420 959 1505 πρὸς
1014 1420 1134 1483 τὸν
1179 1423 1569 1502 Μανιχαίου
1623 1421 1704 1503 δὴ
1754 1423 1959 1502 λόγον
1994 1458 2082 1465 -
2117 1423 2334 1485 καίτοι

296 1528 425 1590 σὺν
471 1526 751 1612 οὐδεμιᾷ
792 1529 1009 1590 πίστει
1058 1524 1353 1611 ρηθέντα
1395 1564 1485 1570 —-
1528 1525 1568 1609 ἡ
1618 1525 1783 1609 αὐτὴ
1832 1521 2015 1610 οἶμαι
2060 1524 2332 1611 ἀπόκρι-

294 1649 398 1728 σις
435 1634 537 1697 ὅτι
575 1631 741 1698 (ἀλλ’
775 1629 977 1697 οὐδὲν
1025 1631 1314 1716 ἐμειώθη
1362 1642 1588 1716 ταῦτα,
1637 1631 1804 1698 ἀλλὰ
1849 1630 1958 1697 καὶ
2002 1634 2332 1718 πρότερον

291 1733 377 1821 ἦν
424 1737 530 1804 ἐπὶ
576 1748 698 1804 τοῦ
742 1740 1011 1824 πρώτου
1056 1738 1426 1823 γενομένου
1471 1738 1871 1825 ἀνθρώπου,
1923 1739 2094 1803 ὅπου
2139 1738 2329 1804 ἀδελ-
2358 1764 2410 1804 15

291 1846 419 1930 φὸς
465 1844 763 1931 ἀδελφὸν
799 1844 1190 1931 ἀπόλλυσιν,
1237 1842 1347 1911 καὶ
1384 1853 1515 1910 νῦν
1552 1848 1649 1911 ἔτι
1687 1848 1869 1911 ἔστιν
1904 1843 2015 1910 καὶ
2050 1847 2329 1930 πόλεμοι

292 1955 357 2017 οἱ
404 1952 595 2018 αὐτοὶ
641 1951 752 2017 καὶ
797 1954 1265 2038 ποικιλώτεραι
1324 1950 1707 2037 ἐπιθυμίαι·
1763 1960 1930 2037 χρῆν
1976 1947 2051 2016 δὲ
2106 1953 2163 2016 εἰ
2216 1951 2328 2016 καὶ

293 2060 380 2144 μὴ
426 2066 833 2143 πεπαῦσθαι,
879 2066 1289 2144 μεμειῶσθαι
1335 2068 1505 2141 γοῦν
1544 2068 1771 2142 ταῦτα,
1819 2058 1931 2123 ἵνα
1974 2061 2325 2144 θαρσήσω-

292 2189 415 2250 μεν
461 2167 564 2231 ὅτι
608 2164 719 2231 καὶ
773 2166 1102 2230 παύσεταί
1149 2187 1310 2230 ποτε
1366 2168 1493 2230 σὺν
1538 2174 1631 2253 τῷ
1684 2168 1930 2253 χρόνῳ·
1989 2166 2204 2229 ὅντων
2251 2162 2325 2230 δὲ

291 2283 426 2337 τῶν
481 2272 704 2337 αὐτῶν
759 2271 1020 2337 ἐκεῖθεν
1066 2276 1166 2349 τίς
1210 2272 1251 2355 ἡ
1298 2275 1519 2348 πίστις
1575 2284 1709 2338 τῶν
1756 2273 1849 2348 εἰς
1895 2271 1969 2336 τὸ
2016 2270 2323 2355 μέλλους’
2351 2298 2403 2337 20

424 2376 584 2442 XIII
665 2378 830 2443 Τίνα
876 2374 952 2443 δὲ
1007 2377 1119 2443 καὶ
1175 2380 1256 2443 τὰ
1301 2381 1469 2444 κακὰ
1515 2374 1689 2444 εἶναι
1744 2378 1947 2461 λέγεις
2001 2376 2153 2460 περὶ
2199 2374 2323 2461 μὲν

288 2486 416 2570 γὰρ
462 2486 582 2550 τὸν
625 2486 819 2567 ἥλιον
862 2484 972 2550 καὶ
1019 2486 1142 2568 τὴν
1187 2487 1475 2569 σελήνην
1516 2482 1718 2551 οὐδὲν
1755 2486 2122 2550 ἀπολείπει·
2168 2482 2320 2570 περὶ

434 2751 503 2800 14
522 2763 643 2814 sqq.
702 2745 774 2800 cf.
814 2745 1004 2801 Senec.
1045 2745 1115 2799 de
1153 2745 1337 2801 benef.
1375 2744 1402 2797 I
1441 2750 1532 2815 10,
1588 2744 1761 2801 Mare.
1816 2746 2083 2803 Antonin.
2122 2747 2227 2802 VII
2268 2754 2315 2817 1,

290 2817 486 2873 Celsus
526 2817 678 2886 apud
717 2815 941 2888 Origen.
979 2816 1056 2870 IV
1098 2821 1164 2869 62
1204 2818 1334 2886 (sec.
1371 2816 1515 2871 Plat.
1556 2816 1786 2873 Theaet.
1817 2821 1970 2889 176⁸)

427 3036 459 3083 3
496 3028 744 3099 Κητιέως
778 3030 863 3085 M:
917 3047 1056 3084 corr.
1095 3030 1135 3085 C
1352 3026 1867 3100 ἐκπυρωθήσεσθαι
1904 3030 1944 3086 C
2159 3037 2194 3084 4
2242 3031 2308 3086 cl.

279 3100 514 3157 Aristot.
553 3102 623 3155 de
662 3100 851 3155 anima
886 3101 938 3154 H
973 3107 1008 3154 4
1043 3119 1096 3170 p.
1127 3106 1334 3155 416215
1389 3104 1446 3155 et
1481 3101 1639 3156 Alex.
1676 3100 1924 3170 Aphrod.
1953 3101 1979 3154 I
2015 3119 2069 3170 p.
2101 3107 2219 3171 111,
2244 3108 2310 3155 19

280 3173 462 3227 Bruns
509 3174 568 3226 et
613 3171 736 3226 sim.
774 3172 893 3226 tale
929 3172 1047 3226 fere
1099 3173 1456 3227 scribendum
1500 3171 1725 3226 videtur
1761 3170 1878 3245 <ὃ>
1927 3170 2041 3241 ἔχει
2086 3182 2311 3240 καῦσαι,

280 3243 412 3299 ὅλον
450 3265 503 3299 κ.
539 3243 631 3298 vel
670 3241 797 3313 ἔχον
850 3244 1007 3313 (dum
1053 3243 1250 3314 habet)
1300 3242 1556 3315 [καύση],
1604 3242 1733 3297 ὅλον
1781 3263 1829 3298 κ.
1878 3242 1971 3297 vel
2018 3241 2144 3312 ἔχον
2195 3241 2310 3316 <ὃ>

280 3317 505 3382 καύσει,
545 3313 657 3368 nisi
705 3315 871 3385 plura
906 3314 1138 3369 turbata
1177 3317 1309 3368 sunt
1444 3319 1510 3367 10
1548 3313 1841 3375 πεπονθός
1876 3313 1959 3369 M:
1998 3329 2135 3368 corr.
2174 3314 2220 3367 P

283 3392 349 3441 19
406 3385 693 3511 ποόύσηται
747 3386 832 3443 M:
902 3402 1039 3441 corr.
1096 3385 1379 3441 Holstenii
1416 3384 1701 3454 exemplar
1906 3389 1970 3437 21
2012 3382 2187 3455 λέγεις
2223 3385 2306 3440 M:

279 3475 418 3514 corr,

1912 3544 1982 3597 2*
