2484 3800
178 81 264 144 36
650 79 1144 141 ΑΛΕΞΑΝΔΡΟΤ
1179 83 1731 136 ΑΤΚΟΠΟΑΙΤΟΤ

176 246 369 320 ὄντος
424 242 683 309 ἐκείνου
736 253 934 309 τοῦτο
988 255 1235 328 ποιεῖν,
1292 245 1453 330 ὅπερ
1500 244 1698 322 αὐτὸς
1744 245 1779 311 ὁ
1827 250 2207 331 Μανιχαῖος

176 351 659 436 διαπράττεται,
704 353 878 438 λόγῳ
923 349 1074 436 περὶ
1120 352 1364 417 τούτου
1410 352 1766 434 διδάσκων,
1815 353 1916 418 ὅτι
1959 352 1999 436 ἡ
2046 358 2210 419 θεία

176 457 458 542 δύναμις
504 459 598 535 εἰς
644 458 766 541 τὴν
800 457 972 541 ὕλην
1011 455 1498 524 κατακέκλειται
1544 457 1654 523 καὶ
1698 459 1902 524 πάλιν
1947 459 2204 543 ἀποχω-

175 574 279 649 ρεῖ
330 566 582 648 τρόπον
626 563 794 648 <ὃν>
842 564 1068 641 αὑτοῖς
1122 564 1674 630 ἀναπλάττουσιν.
1766 566 1840 630 τὸ
1895 562 2019 650 μὲν
2072 569 2204 652 γὰρ
2311 646 2316 649 .

120 689 145 728 5
172 672 335 734 κατὰ
381 671 500 734 τὸν
547 668 1085 753 ἐκκλησιαστικὸν
1132 673 1337 754 λόγον
1373 673 1584 737 εἰπεῖν
1622 672 1716 748 εῑς
1761 672 1958 736 λύσιν
1996 671 2206 757 ἁμαρ-

114 805 121 811 ·
171 788 334 842 τιῶν
381 774 619 841 ἑαυτὸν
666 773 1134 841 ἐπιδεδωκέναι
1180 779 1314 861 ἔχει
1359 782 1586 843 πίστιν
1630 779 1779 842 τινὰ
1832 779 1998 864 πρὸς
2043 781 2208 856 τοὺς

171 886 461 960 πολλοὺς
515 882 638 948 κάκ
692 894 827 947 τῶν
884 883 1195 968 ἱστοριῶν
1249 895 1385 949 τῶν
1430 883 1586 950 καθ’
1625 883 1978 969 ““Ἐλληνας,
2039 885 2205 950 ὅταν

172 992 393 1075 φῶσίν
436 1014 621 1066 τινας
665 985 833 1075 ὑπὲρ
892 994 1218 1076 σωτηρίας
1271 993 1531 1056 πόλεων
1577 989 1853 1068 ἑαυτοὺς
1900 990 2205 1076 ἐπκδε>-

172 1095 484 1178 δωκέναι,
539 1094 649 1160 καὶ
702 1095 1118 1181 παράδειγμα
1172 1107 1294 1161 τοῦ
1350 1099 1556 1180 λόγου
1612 1100 1745 1182 ἔχει
1798 1097 1907 1163 καὶ
1952 1097 1993 1181 ἡ
2031 1096 2202 1163 Ἰου-

93 1223 144 1261 10
172 1203 382 1268 δαίων
429 1203 686 1287 ἱστορία
740 1203 858 1266 τὸν
911 1211 1032 1267 τοῦ
1068 1200 1362 1290 Ἀβραὰμ
1415 1206 1620 1268 παῖδα
1670 1205 1765 1280 εἰς
1808 1207 2062 1269 θυσίαν
2106 1214 2202 1292 τῷ

169 1316 311 1396 θεῷ
364 1310 947 1394 παρασκευάζουσα
966 1328 981 1344 ·
1035 1310 1110 1374 τὸ
1168 1306 1243 1374 δὲ
1300 1311 1394 1386 εἰς
1446 1311 1826 1397 πράγματος
1881 1288 2203 1389 ἐπίδειξιν

31 1432 151 1480 191*
168 1424 260 1503 τῷ
304 1417 647 1500 παθήματι
692 1415 976 1498 ὑπάγειν
1016 1416 1136 1481 τὸν
1172 1417 1446 1502 χριστὸν
1486 1414 1493 1502 Ι
1534 1421 1783 1500 πολλῆς
1820 1415 2000 1482 ἐστιν
2036 1415 2202 1502 ἄμα-

167 1525 353 1604 θίας,
429 1523 523 1599 εἰς
595 1523 1030 1588 διδασκαλίαν
1100 1521 1210 1587 καὶ
1289 1533 1541 1605 γνῶσιν
1604 1534 1738 1588 τῶν
1802 1525 2017 1588 ὄντων
2074 1533 2199 1588 τοῦ

170 1630 375 1711 λόγου
421 1630 614 1705 ὄντος
660 1627 1046 1713 αὐτάρκους.

90 1753 141 1793 15
301 1733 486 1799 XXV
551 1733 937 1819 Ἀπέχονται
993 1731 1067 1800 δὲ
1115 1734 1443 1820 ἐμψύχων.
1520 1737 1578 1801 εἰ
1623 1732 1748 1821 μὲν
1792 1738 1919 1823 γὰρ
1968 1734 2199 1823 ἑτέρου

168 1841 350 1919 τινὸς
394 1841 609 1927 χάριν,
658 1841 739 1909 οὐ
784 1841 1320 1929 περιεργαστέον·
1382 1844 1440 1909 εἰ
1487 1840 1562 1909 δὲ
1609 1844 1781 1908 διότι
1825 1842 1866 1926 ἡ
1914 1843 2200 1928 δύναμις

166 1948 207 2031 ἡ
273 1952 428 2014 θεία
493 1949 749 2013 τούτων
805 1950 1035 2013 ἄπεστι
1098 1954 1355 2033 μᾶλλον
1411 1949 1452 2033 ἢ
1520 1948 1873 2036 ἐνυπάρχει
1925 1953 2197 2034 πλείων,

165 2060 431 2136 γελοῖον
477 2053 640 2137 αὐτὴ
688 2053 909 2119 αὐτῶν
952 2054 993 2137 ἡ
1040 2057 1424 2141 προαίρεσις
1470 2055 1653 2139 αὕτη.
1745 2061 1875 2120 εἴτε
1929 2058 2055 2141 γὰρ
2113 2059 2196 2123 τὰ

167 2162 343 2245 φυτὰ
389 2163 594 2225 ἔνυλα
638 2165 921 2245 μᾶλλον,
979 2162 1072 2238 εἰς
1125 2162 1388 2248 τροφὴν
1431 2160 1540 2227 καὶ
1596 2164 1860 2227 δίαιταν
1904 2170 2197 2247 χρῆσθαι

88 2287 139 2327 20
165 2275 257 2353 τῷ
314 2270 568 2352 χείρονι
625 2278 763 2343 πῶς
823 2269 1129 2350 εὕλογον;
1202 2274 1331 2334 εἴτε
1390 2272 1640 2334 πλείων
1704 2268 1777 2333 ε’ν
1834 2269 2097 2345 τούτοις
2151 2269 2193 2352 ἡ

166 2374 448 2458 δύναμις
489 2373 530 2457 ἡ
577 2377 754 2457 θεία,
799 2377 870 2438 τί
907 2375 1075 2460 πρὸς
1119 2374 1242 2457 τὴν
1288 2375 1549 2461 τροφὴν
1592 2377 1674 2440 τὰ
1719 2384 1993 2440 τοιαῦτα
2037 2377 2194 2460 χρή-

166 2495 345 2563 σιμα,
393 2488 514 2545 τοῦ
560 2485 924 2564 θρεπτικοῦ
968 2477 1079 2544 καὶ
1126 2479 1481 2564 αὐξητικοῦ
1526 2479 1770 2565 με’ρους
1815 2490 1931 2564 τῆς
1976 2491 2194 2565 ψυχῆς

167 2587 359 2662 ὄντος
406 2584 985 2672 σωματικωτέρου;

309 2780 483 2844 5sqq.
535 2776 604 2831 cf.
649 2775 872 2846 Origen.
920 2793 968 2832 ο.
1006 2776 1146 2833 Cels,
1185 2778 1211 2832 I
1248 2783 1315 2831 31
1370 2779 1428 2831 et,
1482 2778 1707 2849 Gregor.
1753 2778 2050 2835 Thaumat.
2108 2782 2182 2836 ad

165 2846 508 2917 Theopomp.
545 2865 600 2917 p.
629 2851 698 2902 88
718 2865 840 2916 sqq.
877 2848 1078 2917 Ryssel
1224 2854 1291 2902 10
1330 2848 1528 2905 Genea.
1560 2855 1626 2903 22

164 3023 549 3095 Manichaeu8‚
588 3024 824 3080 dicendo
863 3024 1082 3080 docere'
1125 3042 1171 3080 e.
1209 3044 1263 3093 q.
1295 3043 1335 3080 s,
1399 3026 1466 3083 of.
1495 3027 1534 3083 1.
1565 3033 1629 3081 11
1653 3030 1755 3098 sq.)
1936 3033 1968 3081 3
2018 3048 2196 3082 κατα-

167 3093 416 3149 κέκλιται
450 3095 535 3151 M:
574 3113 711 3152 corr.
749 3096 961 3150 Usener
1076 3102 1111 3150 4
1147 3096 1252 3168 (ὃν
1335 3114 1370 3150 a.
1413 3097 1548 3168 didi,
1590 3098 1657 3154 of.
1698 3114 1745 3169 Q,
1775 3115 1829 3167 g.
1867 3098 2011 3153 Plat.
2042 3098 2188 3155 Tim.

167 3182 221 3232 p.
252 3170 346 3217 420
399 3164 607 3235 τρόπον
664 3165 728 3220 ὃν
785 3166 1084 3222 κακύνοιτο
1142 3172 1200 3222 et
1301 3166 1519 3223 hilostr.
1576 3187 1628 3223 v.
1680 3170 1865 3239 Apoll.
1896 3175 1944 3239 3,
1975 3175 2044 3224 47

171 3233 330 3287 αὐτοὶ
368 3233 408 3289 C
553 3242 584 3288 6
622 3236 659 3291 f.
700 3236 958 3310 <αὐτὸν>
995 3234 1196 3293 ἑαυτὸν
1353 3244 1382 3292 7
1422 3240 1519 3293 καὶ
1554 3248 1666 3294 τῶν
1706 3238 1805 3296 ΐστ.
1843 3240 1927 3294 M:
1968 3258 2106 3297 corr,
2146 3241 2189 3297 C

314 3307 346 3352 8
400 3303 736 3360 ἐπιδωκέναι
789 3308 873 3375 Μ,
930 3304 1022 3362 ἐπι
1076 3309 1137 3361 in
1191 3311 1441 3363 extrema
1494 3309 1671 3374 linea,
1727 3308 1972 3366 δωκέναι
2025 3311 2192 3366 initio

174 3371 458 3432 sequentis
496 3374 763 3441 scriptum
874 3383 940 3430 17
978 3377 1189 3448 ἀπέστη
1229 3381 1289 3433 ef,
1323 3384 1517 3436 πλεῖον
1546 3381 1636 3451 (ef.
1667 3381 1704 3436 1.
1737 3387 1822 3449 20)
1853 3383 1935 3437 M:
1974 3383 2193 3438 correxi

281 3441 346 3485 21
385 3445 450 3503 τῆ
492 3441 577 3493 M:
615 3441 668 3494 τί
705 3446 917 3499 correxi
