2484 3800
1087 146 1487 198 PRAEFAno
2200 146 2307 201 V11
2376 114 2381 120 ’

481 327 528 371 e.
566 306 991 371 Mauiehaeos.
1065 305 1540 390 Subiunyuntw‘
1574 309 1646 372 in
1688 309 1813 391 fine
1853 311 2304 375 emendationes

481 415 569 478 ad
611 413 798 477 libros
845 410 908 476 S.
949 412 1262 477 Methodii
1305 412 1457 498 περὶ
1504 414 1935 492 αὐτεξουσιόυ
1980 437 2055 480 ex
2100 419 2304 482 eodem

481 521 677 585 codiee
721 521 999 601 excerpti.
1075 521 1132 584 3.
1180 518 1525 606 ‘Origenis'
1557 544 1614 604 q.
1644 521 1686 585 f.
1723 522 2303 606 philosophumena

483 627 734 710 aliaque
789 627 1019 711 multa,
1074 630 1149 690 ut
1205 649 1284 690 ex
1339 628 1581 691 notulis
1637 627 1974 712 adscriptis
2020 634 2302 714 apparet,

481 733 827 796 maximam
871 737 1121 816 partem
1167 755 1201 796 e
1249 733 1575 797 codicibus
1621 733 1923 799 Mediceis
1968 735 2301 821 descripta,

479 841 549 903 in
583 840 686 903 his
713 838 1039 903 Anastasii
1080 838 1363 904 Sinaitae
1403 839 1502 904 ‘de
1539 840 1799 904 homine
1838 841 1917 904 ad
1953 842 2300 928 imaginem

483 946 584 1011 dei
629 946 825 1010 facto'
873 946 1025 1010 libri
1062 945 1176 1011 HI.

357 1068 435 1159 4)
480 1071 1090 1135 Barberinianus
1135 1069 1232 1135 IV
1273 1073 1353 1137 78
1403 1071 1601 1136 chart.
1648 1093 1810 1137 saec.
1847 1070 2052 1157 XVII,
2100 1073 2299 1136 conti-

478 1200 635 1242 nens
665 1176 1009 1264 ‘Origenis'
1035 1177 1417 1263 philosoph„
1447 1178 1816 1263 Didymum‚
1844 1176 2299 1265 Alexandrum,

481 1283 785 1369 ‘Iosephi'
815 1285 1063 1369 fragm„
1107 1282 1436 1348 Anastasii
1484 1283 1766 1349 Sinaitae
1812 1285 2014 1350 libros
2059 1284 2173 1350 III.

359 1408 434 1497 5)
481 1409 906 1474 Vaticanus
951 1430 1155 1494 graec.
1208 1410 1377 1473 1942
1426 1409 1624 1473 chart.
1672 1431 1830 1473 saec.
1876 1408 2065 1473 XVII
2111 1410 2296 1474 initio

479 1516 766 1600 mutilus,
813 1515 1147 1579 continens
1191 1515 1805 1601 praeterd'I'heodori
1849 1516 2138 1579 Lascaris
2184 1516 2298 1579 im-

476 1623 792 1707 peratoris
857 1622 1097 1705 scripta
1159 1622 1523 1708 theologica
1582 1621 1961 1707 Didymum‚
2023 1621 2298 1687 Alexan-

478 1729 690 1813 drum,
751 1726 1073 1812 ‘Iosephi'
1128 1728 1579 1813 fragmentum.
1666 1728 1986 1792 Exaratus
2045 1729 2299 1793 videtur

475 1858 612 1899 esse
675 1858 871 1899 manu
937 1834 1124 1899 Laur.
1186 1834 1396 1899 Portii
1454 1835 1883 1899 bibliothecae
1947 1835 2295 1901 Vaticanae

474 1944 806 2027 scriptoris
861 1943 1090 2028 graeci.
1181 1941 1272 2006 Et
1326 1943 1497 2018 hunc
1553 1943 1835 2007 codicem
1896 1947 1960 2007 et
2004 1944 2296 2008 Barberi-

473 2050 737 2113 nianum
773 2047 870 2113 IV
900 2052 981 2114 78
1030 2071 1108 2112 ex
1144 2048 1568 2113 Holsteniano
1616 2049 1967 2134 descriptos
2015 2073 2149 2115 esse
2194 2052 2298 2114 vel

477 2178 556 2219 ex
618 2156 838 2240 paucis
914 2156 994 2219 iis
1059 2178 1220 2239 quae
1295 2160 1621 2240 comperta
1691 2156 1898 2222 habeo
1972 2158 2128 2221 satis
2192 2180 2297 2241 ap-

521 2261 713 2327 aret.1

357 2385 430 2475 6)
473 2260 879 2450 ξαῑὶεέηιιε
934 2387 1140 2471 suppl.
1198 2408 1405 2472 graec.
1456 2387 1587 2451 270
1642 2387 1839 2451 chart.
1901 2409 2057 2453 saec.
2106 2387 2294 2453 XVII

264 2597 473 2668 philos.
510 2596 794 2651 Holstenii
830 2599 903 2666 (v.
932 2596 1161 2650 Morhof
1181 2594 1518 2664 Polyhistor.
1539 2597 1573 2651 l.
1595 2596 1622 2648 Ι
1652 2613 1696 2652 c.
1721 2601 1750 2649 7
1778 2614 1834 2665 p.
1858 2598 1947 2667 67)
1973 2600 2289 2666 postremus

265 2688 734 2742 commemoratur
770 2685 1088 2739 Alexander
1123 2683 1581 2753 LycopolitanuS.

414 2795 466 2863 1)
503 2792 660 2846 Haec
685 2792 799 2846 tria
827 2791 1088 2846 attulisse
1117 2790 1257 2845 satis
1286 2791 1489 2846 habeo.
1527 2789 1812 2845 Exhibent
1841 2790 2107 2847 editionis
2126 2793 2292 2848 huius

264 2900 317 2952 p.
351 2887 436 2951 19,
469 2886 563 2937 13:

519 2970 668 3025 Med.
1053 2968 1221 3024 Barb.
1261 2968 1338 3021 III
1378 2974 1443 3023 81
1570 2969 1733 3023 Barb.
1756 2970 1833 3024 lV
1856 2975 1921 3024 78
2046 2971 2176 3027 Vat.

448 3056 743 3129 ἀπόκρισις
1097 3057 1386 3128 ἀσύκρισις
1608 3058 1896 3127 ἀσύκρισις
1956 3059 2278 3131 ἀσύγκρισις

260 3185 318 3236 p.
349 3172 435 3235 19,
469 3170 561 3222 18:

325 3258 678 3325 μεμειῶσθαι
713 3262 850 3323 ’γοῦν
932 3249 1166 3323 μ.’γόνῦν
1188 3251 1414 3321 (sedita
1433 3268 1569 3308 corr.
1644 3272 1697 3321 μ.
1737 3261 1841 3306 νῦν
1990 3272 2043 3322 μ.
2081 3249 2246 3321 γὀὖν

947 3343 1012 3395 ut
1049 3350 1153 3396 νῦν
1190 3340 1307 3409 legi
1342 3339 1543 3409 possit)

260 3450 317 3502 p.
349 3437 434 3500 19,
468 3437 561 3487 19:

443 3520 726 3589 παύσηται
1104 3517 1379 3571 παύσεται
1607 3515 1882 3569 παύσεται
1966 3514 2256 3571 παύσεται.
