2484 3800
704 121 904 172 ΠΡΟΣ
940 122 1081 172 ΤΑΣ
1118 121 1534 173 ΜΑΝῙΧΑῙΟΤ
1568 116 1812 178 ΔΟΞΑΣ
2178 119 2265 183 29

237 284 367 366 γὰρ
410 278 623 367 μηδὲν
659 282 910 346 ἄτοπον
942 280 1357 347 πεπονθέναι
1392 284 1558 348 κατὰ
1591 283 1714 366 τὴν
1751 282 2065 367 σύμμιξιν
2100 286 2267 370 πρὸς

235 390 362 470 τὴν
407 387 579 471 ὕλην
622 388 817 470 ἥλιον
860 386 970 452 καὶ
1017 390 1329 472 σελήνην·
1376 383 1516 453 εἶτα
1559 400 1698 466 πῶς
1743 390 1823 454 τὰ
1868 392 2037 455 ἄλλα
2070 390 2266 473 ἠλατ-

238 496 426 578 τώθη
485 497 664 580 παρὰ
722 495 844 578 τὴν
905 496 1086 560 ἰδίαν
1145 495 1357 579 φύσιν
1415 495 1538 561 οὐκ
1595 499 1820 581 ἔχουσι
1879 495 2115 579 λέγειν.
2207 499 2266 563 εῑ

238 598 363 685 μὲν
407 602 535 687 γὰρ
581 599 691 666 καὶ
739 602 845 667 ὅτε
890 600 1043 667 καθ’
1081 602 1291 685 αὐτὴν
1334 596 1420 685 ἦν
1455 602 1496 686 ἡ
1533 607 1690 669 θεία
1736 603 2019 688 δύναμις
2056 604 2265 681 οὕτως

239 704 416 792 εἶχεν
461 710 626 773 ὥστε
672 709 747 772 τὸ
793 706 916 792 μέν
957 731 1020 772 τι
1059 708 1261 792 αὐτῆς
1296 705 1469 774 εἶναι
1504 710 1711 774 καλὸν
1746 711 1819 774 τὸ
1859 707 1933 775 δὲ
1968 711 2265 795 κάλλιον,
2319 731 2345 771 5

236 813 434 899 <καὶ>
471 816 636 879 κατὰ
680 815 800 879 τὸν
844 826 978 880 τῶν
1014 814 1584 903 Ἱπποκενταύρων
1628 824 1875 900 μῦθον,
1922 821 1992 883 οἳ
2030 819 2105 883 τὸ
2142 815 2266 904 μὲν

236 922 394 1007 ἄχρι
448 929 718 1005 στηθῶν
771 922 1121 1006 ἅνθρωποι
1175 918 1348 1005 ἦσαν
1400 925 1475 987 τὸ
1532 923 1767 988 λοιπὸν
1812 921 1886 989 δὲ
1941 925 2131 990 ἵπποι
2176 964 2265 971 -—

235 1029 408 1093 καλὰ
452 1024 575 1111 μὲν
622 1026 893 1114 ἑκάτερα
936 1030 1017 1093 τὰ
1065 1032 1193 1115 ζῷα
1236 1030 1513 1095 κάλλιον
1558 1025 1632 1094 δὲ
1678 1029 1714 1095 ὁ
1763 1032 2120 1117 ἄνθρωπος
2156 1070 2264 1116 -,

236 1134 414 1200 οὕτω
457 1133 570 1199 καὶ
618 1133 724 1199 ἐπὶ
770 1144 886 1218 τῆς
929 1138 1123 1211 θείας
1169 1137 1514 1220 δυνάμεως
1563 1140 1745 1202 ἔστιν
1792 1136 2135 1221 ἐπινοῆσαι
2189 1141 2264 1205 τὸ

238 1240 363 1324 μέν
407 1265 472 1306 τι
518 1241 720 1325 αὐτῆς
775 1251 868 1330 τῷ
921 1247 1100 1330 καλῷ
1154 1240 1513 1330 διαξφέρον-
1543 1244 1619 1308 τὸ
1666 1240 1741 1308 δὲ
1789 1244 2267 1330 ἐλαττούμενον
2286 1259 2441 1313 f.189

235 1349 403 1413 κατὰ
446 1357 665 1431 τοῦτο,
711 1347 822 1412 καὶ
869 1347 976 1413 ἐπὶ
1020 1357 1135 1431 τῆς
1171 1349 1336 1432 ὕλης
1372 1346 1446 1414 δὲ
1481 1350 1556 1414 τὸ
1593 1346 1718 1435 μὲν
1749 1350 2030 1437 ὑπάρχει
2067 1353 2267 1439 ὑπερ-

237 1456 449 1539 βολήν
492 1477 644 1518 τινα
689 1457 843 1538 ἔχον
886 1457 1115 1530 κακίας
1150 1454 1192 1536 <
1194 1504 1384 1519 .....
1389 1456 1430 1539 >
1459 1494 1548 1501 --
1575 1458 1655 1520 τὰ
1692 1454 1881 1543 ἕτερα
1917 1454 2041 1540 μὲν
2076 1457 2266 1544 ἕτερα

234 1559 347 1626 καὶ
403 1559 593 1647 ἕτερα
630 1561 672 1644 <
684 1610 875 1626 .....
888 1562 930 1646 >
957 1600 1076 1645 --,
1115 1564 1316 1638 ἄλλος
1360 1561 1446 1627 ἂν
1489 1557 1575 1645 ἧν
1628 1566 1841 1646 λόγος.
1935 1564 2265 1650 ἐνεδέχετο
2315 1614 2318 1618 ,

236 1669 366 1754 γὰρ
420 1667 787 1752 ὑπολαβεῖν
834 1668 936 1733 ὅτι
992 1667 1457 1754 ἐμφρονέστερ’
1503 1670 1665 1734 ὄντα
1712 1668 1776 1748 ἐξ
1831 1669 2036 1756 ἀρχῆς
2079 1672 2266 1754 ἥλιος

234 1772 348 1838 καὶ
395 1777 635 1857 σελήνη
682 1776 762 1839 τὰ
805 1770 1007 1857 ἧττον
1049 1777 1312 1861 πονηρὰ
1356 1784 1472 1858 τῆς
1516 1775 1680 1859 ὕλης
1726 1778 1819 1853 εἰς
1864 1777 1988 1860 τὴν
2028 1779 2267 1863 σύμμι-
2295 1800 2345 1840 15

234 1879 344 1960 ξιν
391 1879 742 1965 ἐξελέξατο,
789 1882 900 1947 ἵνα
945 1881 1110 1969 μένῃ
1159 1880 1267 1947 ἐπὶ
1312 1890 1427 1967 τῆς
1474 1883 1647 1959 ἰδίας
1693 1883 1946 1970 ἀρετῆς,
1998 1883 2266 1963 ἐξασθε-

233 1990 587 2071 νησάντων
648 1990 1012 2072 τηλικῶνδε
1049 1991 1597 2075 ,πονηρευμάτων
1660 1989 2098 2075 ἐκβιάσασθαι
2159 2017 2266 2058 το-

236 2095 492 2177 σαύτην
553 2095 889 2181 ὑπεροχὴν
952 2094 1026 2160 ἐν
1087 2104 1180 2183 τῷ
1242 2096 1511 2184 ἀγαθῷ·
1574 2098 1655 2161 τὰ
1719 2093 1794 2161 δὲ
1867 2099 2034 2163 ἄλλα
2101 2097 2264 2185 μέρη

235 2202 442 2285 αὐτῆς
486 2196 571 2284 ἦν
612 2204 921 2285 πεσόντα,
967 2202 1091 2266 οὐκ
1135 2201 1563 2287 ἀπρονοήτως
1605 2202 1749 2288 μέν,
1801 2203 1883 2269 οὐ
1929 2206 2062 2289 μὴν
2105 2208 2267 2290 μετὰ

235 2317 355 2391 τῆς
409 2314 554 2391 ἴσης
607 2311 954 2394 προνοίας,
1010 2308 1381 2374 ἀπολαῦσαι
1435 2315 1692 2395 μᾶλλον
1743 2314 1973 2387 κακίας
2025 2319 2141 2393 τῆς
2193 2311 2267 2377 ἐν
2294 2336 2346 2377 20

237 2414 405 2500 αὐτῇ
461 2416 625 2479 κατὰ
678 2416 753 2479 τὸ
808 2416 1021 2480 ποσὸν
1075 2414 1370 2482 ἕκαστον.
1463 2416 1687 2501 ἐπειδὴ
1743 2414 1818 2482 δὲ
1872 2413 2074 2483 οὐδὲν
2123 2419 2265 2484 διά-

237 2545 459 2605 φορον
501 2518 654 2605 περὶ
699 2529 815 2603 τῆς
869 2522 1213 2605 δυνάμεως
1266 2522 1507 2606 ταύτης
1550 2521 1703 2609 παρ’
1741 2522 1963 2588 αὐτῶν
2008 2522 2266 2607 λέγεται

237 2626 382 2693 ἀλλ’
431 2627 627 2711 ὁμοία
692 2629 803 2691 διὰ
857 2629 1070 2711 πάσης
1132 2628 1335 2711 αὐτῆς
1392 2635 1774 2714 θεωρεῖται,
1839 2629 2170 2708 ἀπίθανος
2227 2631 2262 2698 ὁ

126 2779 131 2783 -
235 2737 438 2817 λόγος
484 2735 584 2798 ὅτι
633 2733 706 2798 ἐν
750 2730 873 2817 μὲν
908 2745 986 2820 τῇ
1035 2734 1339 2820 συμμίξει
1385 2736 1459 2800 τὸ
1502 2732 1624 2820 μὲν
1660 2738 1918 2821 ἔμεινεν
1954 2736 2266 2823 ἀκέραιον

234 2840 313 2905 τὸ
361 2835 436 2904 δὲ
481 2837 791 2923 μετέσχεν
833 2844 1064 2917 κακίας
1109 2844 1309 2917 τινός.
2292 2867 2343 2907 25

371 2943 560 3009 XXII
633 2945 925 3028 Λέγουσι
990 2944 1065 3011 δὲ
1121 2948 1221 3013 ὅτι
1277 2946 1387 3012 καὶ
1441 2949 1627 3031 ἥλιος
1679 2948 1789 3015 καὶ
1844 2952 2085 3035 σελήνη
2141 2952 2264 3034 τὴν

383 3144 415 3192 6
454 3138 638 3212 (καὶ)
676 3136 876 3191 addidi
1079 3143 1112 3192 8
1149 3139 1187 3195 f.
1226 3142 1466 3195 καλλίων
1668 3147 1734 3195 12
1814 3142 1875 3196 τὸ
1913 3141 1977 3196 δὲ
2017 3140 2262 3211 ἔλλειψιν

232 3210 484 3283 κακίας)
511 3210 606 3263 vel
633 3208 738 3282 <τὸ
778 3208 840 3263 δὲ
878 3205 1146 3265 ἐλάττονα
1173 3210 1426 3293 κακίαν)
1456 3212 1548 3266 vel
1572 3212 1691 3266 tale
1727 3212 1786 3267 vi
1828 3215 1952 3267 etur
1990 3212 2263 3268 excidisse

311 3287 378 3336 13
416 3281 515 3336 καὶ
543 3276 734 3351 ἐτέρας
769 3281 852 3334 M:
884 3280 982 3334 καὶ
1010 3280 1172 3363 ἕτερα
1200 3282 1402 3351 seripffl
1430 3282 1756 3337 dubitanter
1792 3283 1923 3337 dein
1952 3283 2064 3355 (τὰ
2102 3282 2262 3355 ἕτερα

236 3353 302 3409 δὲ
342 3351 643 3425 ὡσαύτως)
672 3352 766 3405 vel
802 3351 959 3406 aliud
997 3353 1179 3406 simlle
1218 3354 1413 3408 deesse
1449 3356 1605 3407 ratus
1716 3359 1784 3408 14
1821 3350 2262 3426 ἐμφρονέστερον

233 3424 308 3479 τὰ
343 3425 403 3478 Μ
550 3428 616 3477 17
653 3420 890 3492 τηλίκων
927 3422 991 3478 δὲ
1028 3424 1088 3478 Μ
1232 3420 1646 3497 ἐκβιβάσασθαι
1681 3424 1741 3478 Μ
1877 3431 1943 3480 19
1979 3425 2017 3480 f.
2048 3420 2120 3495 ’ἦν
2152 3427 2260 3481 del.

237 3499 299 3551 et
333 3501 402 3551 20
443 3494 609 3549 scrib.
649 3492 965 3550 ἀπέλανσεῗ
1110 3500 1176 3549 23
1215 3495 1382 3566 ὅμοια
1420 3498 1477 3550 M
1639 3501 1708 3550 24
1743 3494 1898 3567 prius
1935 3495 2038 3567 μὲν
2073 3497 2112 3553 f.
2152 3498 2260 3554 del.
