2484 3800
150 111 229 165 VI
965 115 1368 199 P-RAEFATIO

149 274 283 338 sive
330 275 469 358 ipso
516 274 650 338 sive
697 254 1088 360 apographis
1140 276 1335 350 ceteri
1384 276 1494 360 qui
1551 275 1713 340 mihi
1760 276 2179 340 innotuerunt

152 381 454 465 descripti
501 384 651 445 sunt
697 381 777 444 aed
822 403 1023 445 unum
1069 394 1306 453 omnes.
1321 380 1373 470 ¹)
1467 382 1633 447 Sunt
1679 385 1894 446 autem
1938 383 2034 447 hi:

241 485 309 575 1)
358 487 933 552 Ottobonianus
992 510 1197 574 graec.
1251 490 1380 554 194
1442 489 1641 554 chart.
1689 511 1847 554 saec.
1895 489 2020 553 XV
2074 491 2178 554 vel

351 591 534 678 XVI,
582 594 740 657 olim
793 615 869 658 ex
921 596 1225 660 codicibus
1272 596 1537 660 Ioannis
1583 595 1811 678 Anyeli
1864 598 2037 661 ducis
2100 598 2177 662 ab

350 701 697 782 Altaemp3‚
745 702 1080 766 continens
1125 701 1496 787 Didymum‚
1539 700 1994 788 Alexandrum,
2041 703 2172 767 Me-

349 806 557 871 thodii
603 808 1036 894 fragmentum
1073 806 1299 895 (desin.
1338 810 1406 873 in
1452 809 1665 873 verbis
1712 810 1835 875 οὐκ
1882 810 1952 875 ἐκ
1990 821 2173 875 ναῶν

351 915 518 978 sicut
564 917 661 979 est
706 915 775 978 in
820 914 954 979 cod.
1002 913 1339 1002 Mediceo)‚
1387 916 1512 979 alia
1557 917 1778 980 multa.

236 1018 307 1108 2)
354 1020 979 1085 Vindobonensis
1052 1021 1247 1086 theol.
1330 1043 1535 1108 graec.
1592 1019 1712 1085 LII
1797 1019 2176 1109 (secundum

348 1127 740 1212 Nesselium,
796 1149 914 1190 sec.
962 1127 1378 1192 Lambecium
1429 1125 1723 1216 CXCIII)
1770 1128 1968 1192 chart.
2017 1151 2177 1193 saec.

347 1230 521 1318 XVI,
559 1232 639 1296 ab
678 1232 900 1297 eodem
937 1233 1202 1298 librario
1241 1235 1520 1318 scriptus
1558 1258 1594 1298 a
1633 1256 1760 1318 quo
1801 1235 1935 1299 cod.
1965 1234 2178 1299 XLIV

350 1336 726 1426 (Didymus)
775 1343 839 1403 et
884 1337 1095 1403 XLIX
1142 1337 1489 1426 (Methodii
1535 1341 1763 1426 fragm.
1799 1340 2177 1427 Mediceum,

348 1446 425 1510 cf.
473 1445 858 1510 Bonwetsch
904 1446 1265 1511 Methodius
1309 1469 1428 1512 von
1473 1446 1770 1530 Olympus
1813 1471 1873 1531 p.
1913 1445 2065 1534 XV)
2113 1451 2180 1511 et

347 1573 493 1615 cum
528 1551 631 1616 his
667 1555 855 1616 antea
893 1551 1196 1617 Sambuci
1233 1551 1311 1640 (†
1351 1550 1571 1640 1584),
1620 1553 1766 1617 dein
1812 1552 2174 1617 Sebastiani

349 1658 768 1745 Tengnagelii
815 1656 891 1746 (†
934 1657 1152 1746 1636).

232 1762 1205 1852 3)Barberinianus111
1247 1767 1324 1831 81
1390 1765 1588 1829 chart.
1637 1765 1827 1830 ‘saec
1869 1764 2024 1829 XVI
2069 1766 2175 1829 vel

346 1869 583 1936 XVII'.
640 1869 870 1936 Insunt
902 1872 956 1936 1.
1004 1872 1367 1938 Alexander
1385 1871 1746 1955 Lycopolita
1782 1878 1994 1937 contra
2024 1871 2177 1937 Ma-

345 1979 645 2064 nicha603‚
690 1981 837 2044 item
877 1981 1302 2063 fragmentum
1346 2002 1421 2045 ex
1466 1979 1621 2044 libro
1669 1980 1917 2061 Iosephi
1962 1985 2177 2044 contra

339 2090 546 2167 yeme-s·
592 2081 707 2170 (=
750 2084 1095 2170 Hippolyti
1143 2110 1287 2171 opp.
1337 2086 1430 2150 ed.
1476 2086 1744 2171 Lagard.
1792 2110 1852 2170 p.
1898 2088 1980 2151 68
2003 2082 2173 2171 sqq.)

346 2229 430 2237 -—
469 2213 544 2256 ex
589 2193 1022 2273 antiquissimo
1068 2200 1223 2258 msto
1280 2194 1576 2258 Mediceo.
1593 2189 1646 2279 2)
1738 2194 1796 2257 2.
1858 2193 2177 2276 Didymus

286 2420 339 2488 1)
375 2418 441 2471 Id
476 2418 563 2472 ita
600 2434 721 2472 esse
749 2418 842 2472 vel
870 2435 939 2473 ex
974 2419 1132 2474 brevi
1163 2436 1335 2488 quam
1363 2436 1614 2489 propono
1652 2418 1879 2473 illorum
1916 2420 2174 2475 codicum

140 2507 560 2561 enumeratione
608 2506 750 2560 satis
791 2506 990 2577 opinor
1046 2507 1432 2578 perspicietur.
1516 2507 1964 2577 Uniuscuiusque
2019 2508 2175 2563 locos

143 2596 363 2665 aliquot
398 2596 632 2651 idoneos
668 2595 883 2667 insigni
917 2595 978 2650 in
1014 2614 1103 2651 me
1140 2596 1440 2651 voluntate
1468 2595 1536 2652 Η.
1567 2596 1725 2651 Rabe
1763 2595 1975 2665 aliique
2005 2595 2176 2651 amici

142 2685 532 2754 inspexerunt,
572 2685 671 2753 qui
707 2702 853 2755 quae
891 2684 965 2739 ad
1002 2702 1091 2740 me
1127 2684 1470 2740 rettulerunt
1506 2701 1727 2739 omnem
1764 2685 1977 2740 tollunt
2014 2685 2175 2739 dubi·

145 2774 439 2828 tationem.

284 2866 339 2931 2)
380 2865 444 2915 In
496 2862 766 2918 librorum
820 2862 1007 2918 indice
1054 2862 1191 2919 bibl.
1240 2861 1683 2918 Barberinianae
1729 2865 2024 2932 praeterea
2072 2864 2172 2917 ad·

139 2952 370 3005 notatur
405 2953 549 3006 eruit
585 2952 911 3008 Holstenius
946 2950 1273 3020 ibidemque
1319 2951 1529 3021 legitur
1562 2954 1627 3006 in
1662 2953 1921 3022 opusculo
1960 2951 2013 3010 S.
2052 2953 2173 3006 Me-

141 3042 319 3096 thodii
354 3041 419 3095 de
456 3041 623 3095 libero
660 3042 894 3097 arbitrio
933 3042 1183 3096 lectiones
1218 3042 1499 3096 variantes
1536 3047 1722 3096 erutae
1773 3041 1843 3095 ab
1882 3041 2175 3096 Holstem'o

141 3146 210 3186 ex
246 3130 629 3199 antiquissimo
665 3136 802 3184 msto
839 3129 1100 3185 MediceO.
1172 3128 1334 3183 Licet
1367 3127 1544 3198 igitur
1580 3129 1730 3183 hunc
1776 3128 2029 3183 codicem
2075 3146 2174 3198 ap·

144 3217 359 3286 pellare
396 3216 944 3272 Holstenianum.
1016 3216 1345 3272 Holstenius
1381 3215 1498 3271 iam
1535 3216 1596 3270 in
1636 3215 1875 3271 ‘iudicio
1905 3216 1975 3270 de
2011 3216 2173 3272 libris

143 3304 376 3373 optimis
416 3349 428 3360 .
470 3348 481 3360 .
521 3348 534 3360 .
573 3303 711 3359 bibl.
766 3304 1088 3359 Mediceae'
1148 3321 1198 3360 a.
1240 3310 1380 3359 1640
1437 3304 1692 3360 confecto
1749 3307 1821 3375 (v.
1866 3304 2175 3360 Lilienthal

148 3391 340 3446 select.
377 3391 508 3448 hist.
557 3396 616 3447 et
651 3392 827 3448 litter.
866 3392 1084 3463 Regim.
1117 3399 1255 3447 1715
1291 3412 1347 3463 p.
1378 3397 1469 3464 94)
1518 3392 1822 3462 scripserat
1856 3395 2176 3451 Alexander

146 3482 355 3551 Lycop.
385 3498 481 3536 nec
506 3497 694 3552 yraece
723 3498 821 3536 nec
849 3483 1017 3537 latine
1043 3484 1306 3538 hactenus
1324 3484 1558 3552 prodiit.
1596 3481 1661 3535 In
1687 3479 1873 3536 indice
1901 3482 2177 3539 librorum
