2484 3800
740 122 939 173 ΠΡΟΣ
975 123 1116 172 ΤΑΣ
1152 122 1570 174 MANIXAIOT
1603 118 1848 180 ΔΟΞΑΣ
2219 119 2303 184 27

272 284 404 369 γὰρ
452 284 535 366 δὴ
583 282 664 348 οὐ
708 283 924 348 πάντα
969 282 1131 368 μίαν
1166 284 1319 349 τινὰ
1364 282 1748 368 δυναμένην
1788 284 2079 369 δύναμιν
2122 282 2307 349 κατέ-

270 400 536 474 πεμψεν
591 389 627 455 ὁ
682 392 870 469 θεός;
932 389 973 473 ἢ
1031 390 1401 476 ἀνθρώπου
1459 387 1582 475 μὲν
1635 401 1797 467 νοῦς
1856 391 2066 466 οὕτως
2126 389 2307 455 ἐστὶν

268 498 446 581 πρὸς
489 496 704 560 πάντα
748 499 1074 580 ποικίλος,
1131 499 1297 562 ὥστε
1343 496 1469 582 <ὁ>
1516 498 1715 575 αὐτὸς
1760 495 1883 582 μὲν
1928 493 2099 563 εἶναι
2146 521 2307 579 γεω-

274 606 608 689 μετρικός,
654 602 690 668 ὁ
738 602 937 679 αὐτὸς
982 599 1055 667 δὲ
1102 601 1579 688 ἀστρονομικὸς
1624 603 1733 669 καὶ
1778 605 2151 680 τεκτονικὸς
2194 603 2304 669 καὶ

275 714 345 774 εἴ
381 733 444 774 τι
486 717 814 793 τοιοῦτον,
860 715 1000 797 θεῷ
1038 706 1113 774 δὲ
1150 711 1279 795 ἄρα
1319 704 1405 793 ἦν
1441 711 1697 795 ἄπορον
1734 711 1956 798 εὑρεῖν
1991 712 2305 794 τοιαύτην
2358 732 2384 771 5

268 816 567 901 δύναμιν
630 817 774 899 ἥτις
839 816 1018 904 αὐτῷ
1078 818 1247 903 πρὸς
1308 818 1525 882 πάντα
1587 812 1672 901 ἦν
1737 819 1959 902 ἱκανή,
2032 819 2144 883 ἵνα
2215 818 2303 902 μὴ

267 924 538 1008 ’πρώτης
580 922 693 989 καὶ
737 923 1049 1010 δευτέρας
1095 923 1350 1007 δέηται;
1396 925 1509 988 διά
1554 927 1625 988 τί
1665 921 1740 989 δὲ
1775 923 1815 1007 ἡ
1854 921 1976 1008 μὲν
2021 924 2305 1008 δύναμίς

277 1028 460 1094 ἐστιν
504 1031 975 1116 δημιουργική,
1024 1030 1065 1113 ἣ
1114 1027 1187 1095 δὲ
1231 1031 1566 1114 παθητικὴ
1612 1035 1894 1114 μᾶλλον,
1951 1031 2039 1106 ὡς
2090 1036 2306 1108 καλῶς

267 1135 442 1221 αὐτῇ
490 1139 667 1220 ἔχειν
709 1139 877 1221 πρὸς
920 1138 1043 1220 τὴν
1087 1136 1260 1220 ὕλην
1295 1138 1778 1221 κεράννυσθαι;
1825 1136 1947 1221 οὐχ
1993 1136 2127 1223 ὁρῶ
2174 1140 2302 1224 γὰρ

270 1242 479 1307 πάλιν
534 1242 830 1308 ἐνταῦθα
884 1244 958 1308 τὸ
1015 1249 1233 1308 αἴτιον
1287 1251 1402 1325 τῆς
1455 1242 1696 1321 τάξεως
1754 1252 1874 1309 τοῦ
1929 1248 2136 1308 καλοῦ
2191 1242 2302 1308 καὶ
2332 1266 2383 1304 10

264 1357 390 1431 τῆς
435 1348 574 1414 κατ’
611 1349 818 1415 αὐτοῦ
863 1350 1211 1434 ὑπεροχῆς,
1259 1351 1317 1414 εῑ
1362 1351 1567 1414 κακὸν
1613 1345 1754 1434 [ἦν]
1803 1350 1925 1415 οὐκ
1970 1345 2055 1432 ἥν
2101 1349 2175 1414 ἐν
2210 1358 2303 1437 τῷ

267 1465 395 1519 τοῦ
431 1462 601 1521 θεοῦ
639 1463 816 1544 οἴκῳ.
889 1458 949 1522 εἰ
994 1458 1121 1542 γὰρ
1168 1459 1381 1540 μόνον
1416 1458 1622 1522 καλὸν
1657 1456 1692 1523 ὁ
1730 1458 1891 1533 θεὸς
1934 1454 2044 1521 καὶ
2090 1460 2303 1540 μόνον

268 1563 480 1627 κακὸν
512 1562 553 1645 ἡ
591 1562 741 1647 ὕλη,
786 1561 951 1647 μέσα
995 1565 1076 1628 τὰ
1121 1565 1290 1628 ἄλλα
1334 1561 1443 1628 καὶ
1489 1561 1730 1647 μεταξὺ
1778 1562 2028 1646 ἀνάγκη
2077 1565 2300 1646 φάναι.

267 1668 441 1734 ἀλλὰ
489 1667 866 1755 εὑρίσκεταί
912 1693 1012 1745 τις
1065 1671 1341 1753 ποιητὴς
1396 1669 1722 1755 διάφορος
1773 1668 1926 1756 περὶ
1980 1672 2061 1734 τὰ
2115 1669 2300 1754 μέσα,

186 1788 189 1789 ’
265 1775 436 1840 ὅταν
500 1786 721 1860 φῶσιν
782 1777 905 1859 τὴν
967 1772 1090 1860 μὲν
1152 1777 1638 1862 δημιουργικὴν
1710 1777 1958 1858 αἰτίαν,
2031 1777 2153 1859 τὴν
2227 1773 2301 1841 δὲ
2330 1798 2381 1837 15

268 1883 512 1967 μικτὴν
563 1883 730 1968 πρὸς
783 1883 905 1966 τὴν
959 1882 1145 1967 ὕλην.
1218 1883 1383 1967 τάχα
1438 1877 1563 1948 οὗν
1610 1882 1790 1948 ἐστιν
1839 1883 1913 1947 τὸ
1968 1884 2302 1968 προηγού-

270 2013 478 2073 μενον
513 1987 621 2054 καὶ
672 1988 1353 2076 ἀποπροηγησάμενον
1387 1998 1606 2072 τοῦτο,
1644 1988 1679 2053 ὃ
1722 1986 1833 2052 καὶ
1880 1990 1945 2053 οἱ
1990 1990 2299 2075 νεώτεροι

270 2095 588 2179 λέγουσιν
634 2095 707 2161 ἐν
750 2105 843 2184 τῷ
887 2094 1039 2182 περὶ
1085 2108 1221 2161 τῶν
1266 2095 1658 2181 ἀδιαφόρων
1704 2098 1896 2183 λόγῳ.

417 2208 546 2287 Τῆς
592 2199 666 2268 δὲ
712 2204 1187 2289 δημιουργικῆς
1241 2220 1450 2287 φασιν
1493 2204 1838 2288 δυνάμεως
1892 2202 2300 2289 ἐπιχειρησά-

268 2328 393 2394 σης
447 2320 525 2395 τῇ
580 2313 979 2395 κοσμοποιίᾳ
1032 2310 1510 2396 ἀποκεκρίσθαι
1564 2318 1680 2393 τῆς
1732 2310 1896 2393 ὕλης
1944 2311 2018 2374 τὸ
2063 2321 2300 2393 μεῖναν
2328 2331 2379 2370 20

275 2415 382 2481 ε’πὶ
437 2425 552 2500 τῆς
609 2417 782 2492 ἰδίας
835 2414 1070 2500 ἀρετῆς
1123 2416 1251 2481 κάν
1303 2426 1381 2502 τῇ
1438 2415 1742 2501 συμμίξει
1796 2414 1905 2481 καὶ
1952 2415 2300 2498 γεγονέναι

271 2524 467 2605 ἥλιον
510 2520 622 2587 καὶ
677 2525 991 2606 σελήνην,
1047 2524 1121 2587 τὸ
1177 2519 1253 2587 δὲ
1306 2525 1572 2607 μετρίας
1625 2523 2015 2605 μετειληφὸς
2070 2522 2300 2599 κακίας

270 2629 568 2714 οὐρανὸν
603 2627 712 2694 καὶ
750 2628 1046 2714 ἀστέρας,
1094 2630 1333 2694 λοιπὸν
1372 2625 1445 2692 δὲ
1480 2630 1561 2693 τὰ
1599 2630 1766 2693 ἄλλα
1813 2627 1997 2704 ἐντὸς
2041 2630 2300 2694 τούτων

267 2741 745 2819 περιειλῆφθαι
801 2737 888 2811 ὡς
942 2738 1172 2819 ἔτυχεν
1225 2738 1516 2820 μίγματα
1570 2736 1731 2800 ὄντα
1771 2732 1779 2821 Ι
1819 2743 1935 2817 τῆς
1988 2759 2059 2800 τε
2107 2740 2298 2813 θείας
2317 2749 2465 2805 ἰ.188

418 2968 484 3016 17
523 2960 582 3016 οἱ
628 2963 889 3032 νεώτεροι
944 2961 1037 3028 (cf.
1093 2962 1370 3031 Anonym.
1426 2962 1662 3017 Londin.
1721 2963 1806 3019 ed.
1863 2962 2020 3017 Diels
2079 2962 2298 3033 [Suppl.

271 3033 613 3088 Aristot.111
651 3039 678 3087 1
745 3038 794 3101 2,
824 3038 890 3086 22
948 3030 1007 3088 οἴ
1055 3034 1316 3103 νεώτεροι
1365 3030 1517 3088 τοῦτ’
1572 3033 1719 3088 ἔστιν
1775 3031 1835 3088 οἷ
1882 3031 2170 3104 amanum:
2227 3033 2296 3088 of.

274 3105 460 3160 Laert.
498 3104 661 3174 Diog.
769 3106 795 3157 I
832 3110 934 3158 105
973 3105 1044 3159 al.

417 3286 448 3334 2
485 3281 521 3349 ἠ
558 3282 618 3334 Μ
654 3283 719 3335 ut
756 3283 1081 3344 constanter
1116 3281 1233 3336 fere
1406 3288 1437 3334 3
1479 3280 1596 3354 <ὁ>
1635 3281 1766 3335 add.
1795 3279 1836 3334 Ο
1998 3286 2030 3333 9
2068 3281 2209 3349 αὐτη
2238 3281 2298 3334 Μ

375 3357 441 3406 11
479 3352 517 3407 f.
557 3352 683 3406 κατ’
727 3353 863 3406 αὐτὸ
1033 3346 1129 3424 ἦν]
1168 3352 1369 3421 delevi,
1409 3352 1479 3407 of.
1519 3359 1605 3420 24,
1637 3357 1701 3406 13
1849 3357 1913 3404 16
1942 3350 2298 3421 προηγμένον

269 3421 878 3505 καὶοάποπροηγμένον
918 3441 1026 3477 son
1068 3424 1274 3477 endum
1310 3426 1449 3493 puto
1623 3427 1689 3477 18
1728 3425 2019 3491 διαφορῶν
2056 3423 2140 3479 M=
2180 3439 2298 3476 cor-

274 3512 395 3548 rex1
