2484 3800
1124 141 1527 195 PRAEFATIO
2130 138 2341 194 XXVII

311 307 427 368 aut
491 302 628 367 eius
681 302 860 366 iussu
905 301 1262 367 confectam
1308 325 1443 368 esse
1489 325 1628 368 eam
1675 303 1813 367 iure
1860 303 2089 387 opinor
2134 303 2337 388 suspi-

306 410 492 474 ceris.
506 407 559 497 1)

449 515 624 593 Quae
688 537 834 580 cum
897 515 989 579 ita
1053 515 1208 600 sint,
1283 516 1502 580 oculos
1564 520 1936 601 mentesque
1999 515 2335 581 hominum

308 623 710 687 eruditorum
777 623 857 686 ad
918 621 1172 686 hostem
1236 622 1738 688 infensissimum
1802 624 2085 687 intentos
2146 622 2334 687 facile

313 729 716 815 intellegitur
756 732 910 793 tunc
948 729 1130 813 quasi
1166 729 1340 793 ultro
1380 750 1719 794 conversos
1756 752 1890 794 esse
1928 730 1998 793 in
2035 752 2142 794 eos
2181 752 2333 814 quo-

312 857 465 921 que,
522 836 634 920 qui
681 835 837 899 olim
882 857 1116 921 magno
1163 836 1410 920 impetu
1457 836 1526 899 in
1580 836 1850 900 eundem
1888 874 1976 882 —
2023 840 2100 899 ut
2152 839 2335 920 puta-

307 941 471 1005 bant
499 980 586 987 —
612 942 1046 1006 adversarium
1083 942 1430 1006 inruerant.
1515 941 1701 1019 Quod
1738 964 1811 1006 60
1848 943 2062 1006 minus
2098 943 2335 1007 mirum

302 1048 514 1112 videri
562 1048 777 1134 debet,
835 1049 1137 1133 quoniam
1185 1070 1332 1113 cum
1377 1070 1493 1133 per
1537 1049 1662 1113 duo
1710 1049 1842 1112 fere
1889 1049 2139 1137 saecula
2182 1071 2348 1135 neg7-

308 1154 477 1219 lecta
512 1155 859 1243 iacuissent
893 1155 1219 1241 doctrinae
1255 1156 1508 1241 studia„
1530 1155 1667 1229 hac
1685 1157 1827 1240 ipsa
1840 1152 2086 1245 jueta-te,
2113 1146 2342 1242 rursus
2369 1236 2374 1241 ι

305 1263 632 1348 vigescere
687 1267 880 1346 atque
935 1263 1103 1327 sicu-t
1156 1284 1310 1349 ager
1365 1263 1476 1347 qui
1532 1263 1770 1341 multos
1829 1254 2056 1337 annos*
2089 1260 2335 1346 quievit

302 1368 639 1433 uberiores
704 1370 929 1434 efferre
991 1370 1210 1456 fruges
1275 1373 1642 1455 coeperant3
1706 1370 1898 1454 idque
1953 1369 2165 1453 ipsum
2222 1369 2333 1452 qui

305 1479 465 1538 tunc
529 1478 698 1539 artes
769 1474 1066 1540 liberales
1131 1475 1682 1560 amplectebantur
1762 1477 1831 1539 in
1910 1475 2136 1559 primis
2208 1474 2334 1539 sibi

307 1581 630 1667 agendum
703 1603 837 1645 esse
909 1585 1391 1667 perspexerant,
1462 1585 1538 1645 ut
1609 1586 1899 1646 veterum
1970 1581 2332 1645 litterarum

305 1691 726 1752 monumenta
754 1726 834 1734 —-
865 1688 1188 1774 naufragii
1234 1688 1474 1752 diceres
1509 1688 1814 1772 reliquias
1843 1724 1927 1734 --
1955 1687 2124 1752 unde
2163 1688 2333 1751 unde

308 1795 689 1881 colligerent
733 1798 1181 1859 conservarent
1227 1794 1645 1880 divolgarent.
1728 1794 2008 1859 Leonem
2052 1793 2333 1878 philoso-

305 1901 512 1986 phum
526 1898 578 1989 2)
632 1901 942 1966 Photium
999 1899 1313 1966 Aretham
1376 1924 1761 1966 memorasse
1825 1902 1981 1965 satis
2046 1903 2195 1987 erit,
2259 1905 2335 1964 ut

305 2009 783 2072 demonstretur
828 2008 1271 2072 collectionem
1317 2009 1631 2073 librorum
1678 2007 2333 2073 antimanichaeorum

309 2115 576 2179 minime
631 2114 974 2179 abhorrere
1030 2114 1111 2178 ab
1167 2115 1344 2178 illius
1398 2115 1626 2179 aetatis
1680 2115 1910 2179 studiis
1954 2115 2334 2179 litterarum.

448 2220 617 2298 Quid
670 2221 727 2284 si
779 2243 860 2285 ne
905 2221 1183 2285 Basilius
1239 2221 1497 2305 quidem
1552 2221 1903 2305 imperator
1946 2221 2103 2285 talia
2150 2221 2333 2304 parvi

310 2328 535 2392 fecisse
583 2331 694 2390 aut
738 2329 1193 2412 contempsisse
1228 2328 1564 2392 videatur?
1611 2326 1736 2404 Qui
1774 2350 2160 2413 quamquam
2198 2327 2334 2411 ipse

310 2435 627 2500 bonarum
673 2434 910 2498 artium
957 2434 1295 2518 disciplina
1340 2438 1629 2498 caruerat
1671 2472 1756 2480 —
1792 2438 2018 2519 utpote
2065 2433 2142 2498 de
2188 2455 2333 2519 aga-

307 2563 464 2606 sone
524 2540 768 2605 aulicus
827 2541 1035 2605 factus
1095 2544 1159 2605 et
1217 2562 1292 2606 ex
1349 2541 1575 2605 humili
1635 2562 1868 2623 mayna
1928 2543 2016 2605 ad
2069 2542 2335 2623 fastiyia

308 2669 520 2713 rerum
566 2648 769 2711 elatus
799 2685 883 2694 —
893 2698 911 2732 ‚
966 2646 1086 2710 filii
1140 2650 1214 2710 ut
1262 2669 1453 2731 quam
1499 2646 1988 2732 diligentissime
2034 2646 2333 2710 omnibus

456 2896 511 2964 1)
545 2892 633 2947 Ne
670 2893 731 2946 id
768 2892 996 2961 quidem
1031 2892 1139 2947 hoc
1174 2892 1301 2946 loco
1339 2891 1564 2947 silentio
1611 2891 1852 2947 transire
1888 2909 2008 2962 par,
2028 2895 2140 2962 est,
2180 2892 2332 2961 quod
2379 2899 2380 2902 ’

311 2997 458 3050 quae
492 2980 658 3036 initio
695 2989 794 3050 τῆς
830 2981 1195 3060 ἐπαν-αγωγῆς
1229 2989 1328 3036 τοῦ
1366 2980 1539 3052 νόμον
1578 2998 1614 3035 a
1641 2982 1853 3036 Basilio
1881 2981 2064 3036 Leone
2092 2975 2331 3036 Alexan-

310 3071 413 3125 dro
466 3069 905 3139 imperatoribus
959 3069 1107 3124 inter
1162 3087 1213 3125 a.
1254 3075 1359 3124 884
1404 3072 1462 3124 et
1499 3075 1601 3125 886
1649 3070 1837 3125 editae
1884 3071 1954 3124 de
2001 3069 2218 3139 origine
2273 3070 2333 3122 et

309 3160 516 3213 natura
541 3157 687 3228 legis
716 3156 1095 3228 disputantur,
1126 3175 1195 3213 ea
1220 3158 1682 3213 Manichaeorum
1711 3157 2012 3230 praecipue
2041 3156 2331 3226 opiniones

304 3249 597 3316 spectant3
658 3245 729 3301 cf.
777 3246 1083 3302 Zachariae
1129 3263 1164 3300 a
1208 3246 1552 3316 Lingenthal
1591 3248 1609 3274 ¹·
1623 3246 1839 3314 Basilii,
1876 3244 2230 3301 Constantini
2275 3247 2335 3299 et

309 3334 514 3390 Leonis
558 3333 735 3404 impp.
771 3334 1103 3405 prochiron’
1159 3334 1437 3405 (Heidelb.
1477 3337 1639 3402 183⁷)
1684 3351 1737 3401 p.
1770 3332 2048 3385 LXXXIII
2067 3349 2175 3400 sq„
2231 3331 2332 3400 qui

308 3423 403 3478 hic
440 3440 662 3492 quoque
697 3422 892 3477 Photii
925 3422 1171 3493 vestigia
1206 3422 1376 3476 facile
1413 3420 1566 3474 cerni
1601 3422 1753 3474 recte
1789 3418 2021 3473 monuit.

455 3514 513 3583 2)
550 3511 630 3568 cf.
668 3511 993 3582 Theophan.
1033 3510 1240 3566 contin.
1269 3509 1349 3564 IV
1384 3515 1452 3564 29
1488 3526 1544 3577 p.
1575 3512 1676 3561 192
1714 3507 1886 3562 Bonn.
