2484 3800
749 149 949 201 ΠΡΟΣ
986 151 1127 201 ΤΑΣ
1163 151 1581 203 MANIXAIOT
1617 148 1861 211 ΔΟΞΑΣ
2228 152 2306 214 11

286 307 453 374 ἀλλὰ
498 313 753 393 μᾶλλον
792 312 867 376 τὸ
913 322 1180 397 πρῶτον
1215 311 1656 397 ὑποκείμενον
1692 310 1801 378 καὶ
1847 312 2311 399 ἀρρύθμιστον

284 412 396 480 καὶ
451 414 564 499 ἀφ’
603 412 685 481 οὗ
730 418 810 481 τά
866 418 1050 483 ἄλλα.
1142 417 1283 483 ἐπεὶ
1338 422 1573 485 τοίνυν
1625 418 1666 503 ἡ
1723 421 1998 496 ἄτακτος
2052 424 2312 504 κίνησίς

286 521 468 587 ἐστιν
511 523 551 607 ἡ
597 522 746 606 ὕλη,
791 526 1078 609 πότερον
1112 520 1198 608 ἦν
1234 524 1337 590 ἀεὶ
1376 528 1504 591 σὺν
1538 533 1631 613 τῷ
1665 523 2036 612 κινουμένῳ
2074 528 2117 609 ἥ
2151 548 2312 591 ποτε

282 631 674 715 κεχώρισται
730 630 999 711 τούτους
1055 633 1114 696 εἰ
1168 628 1292 715 μὲν
1345 633 1471 718 γάρ
1526 653 1685 697 ποτε
1738 628 1825 715 ἦν
1875 630 2029 698 καθ’
2080 633 2310 716 αὑτήν,

284 735 457 800 οὕτω
513 759 586 819 γε
643 736 765 801 οὐκ
823 735 908 801 ἂν
961 732 1075 821 ἦν,
1134 738 1412 822 οὐδεμία
1472 740 1598 824 γὰρ
1653 737 1911 823 κίνησις
1969 741 2131 804 ἄνευ
2188 749 2309 805 τοῦ
2363 758 2389 798 5

282 842 709 927 κινουμένου·
766 846 824 909 εἰ
872 840 944 909 δὲ
990 843 1092 909 ἀεὶ
1141 844 1214 909 ἐν
1260 853 1352 933 τῷ
1397 844 1768 933 κινουμένῳ
1814 842 1927 930 ἦν,
1976 847 2179 912 πάλιν
2224 840 2308 911 αὗ

282 949 408 1014 δύο
466 947 660 1035 ἀρχαὶ
707 950 880 1015 οὕτω
926 974 1002 1033 γε
1056 951 1573 1035 ὑποστήσονται,
1627 952 1702 1017 τὸ
1765 962 2003 1017 κινοῦν
2063 951 2173 1017 καὶ
2233 954 2307 1017 τὸ

280 1057 707 1141 κινούμενον·
762 1056 1017 1145 ποτέρῳ
1065 1052 1190 1122 οὖν
1235 1057 1459 1123 αὐτῶν
1503 1061 1881 1142 ψηφίζεται,
1936 1059 2049 1124 ἵνα
2094 1059 2308 1124 ἐκεῖνο

278 1163 441 1246 μετὰ
487 1172 607 1228 τοῦ
651 1170 820 1229 θεοῦ
864 1164 1398 1248 ὑποστησώμεθα
1441 1176 1735 1248 πρῶτον;

412 1267 541 1333 VII
622 1267 912 1356 Προσέτι
978 1267 1052 1335 δὲ
1106 1278 1198 1359 τῷ
1263 1273 1440 1358 λόγῳ
1501 1270 1818 1356 ἐφόλκιον
1870 1272 1944 1337 τὸ
2004 1273 2306 1355 ἄτακτον,
2336 1296 2387 1335 10

281 1373 623 1461 ἐξόριστον
657 1381 995 1452 παντελῶς
1030 1385 1256 1442 τοῦτο·
1302 1377 1498 1443 ὁπότε
1533 1379 1660 1464 γάρ
1696 1378 1785 1462 μὴ
1822 1381 2100 1461 κίνησις,
2140 1380 2308 1443 εἰκό-

276 1505 408 1558 τως
453 1480 539 1547 ἂν
583 1481 859 1565 λέγοιτο.
933 1487 1032 1559 τίς
1078 1480 1154 1548 δὲ
1198 1482 1309 1548 καὶ
1356 1495 1490 1549 τῶν
1534 1486 1861 1567 κινήσεων
1903 1483 1943 1567 ἡ
1990 1483 2144 1567 ὕλη;
2189 1487 2309 1549 πό-

275 1611 476 1672 τερον
529 1588 570 1673 ἡ
624 1587 764 1654 κατ’
807 1589 1083 1656 εὐθεῖαν
1126 1589 1167 1673 ἢ
1220 1589 1262 1674 ἡ
1317 1591 1851 1677 κυκλοφορητικὴ
1898 1590 2027 1674 <ἢ>
2073 1591 2113 1675 ἡ
2159 1590 2297 1656 κατ’

279 1693 641 1773 ἀλλοίωσιν
684 1696 725 1779 ἢ
772 1696 812 1780 ἡ
858 1699 1021 1762 κατὰ
1067 1695 1336 1779 γένεσιν
1379 1695 1488 1762 καὶ
1534 1699 1697 1763 κατὰ
1744 1697 2043 1783 φθοράν;
2090 1696 2304 1781 ἀλλ’ἡ

279 1797 407 1885 μὲν
449 1804 978 1887 κυκλοφορητικὴ
1036 1801 1207 1867 οὕτω
1256 1806 1516 1887 κοσμία,
1558 1804 1723 1868 ὥστε
1769 1811 1846 1888 τῇ
1894 1810 2015 1866 τοῦ
2059 1803 2306 1880 παντὸς
2334 1827 2385 1867 15

276 1906 677 1973 ἀποδέδοται
705 1907 908 1986 τάξει·
947 1907 1028 1973 οὐ
1055 1909 1218 1973 κατὰ
1247 1908 1525 1984 τούτους
1569 1904 1643 1972 δὲ
1677 1907 1926 1991 ταύτην
1963 1910 2307 1976 αἰτιᾶσθαι

278 2013 354 2079 ἐν
389 2006 433 2101 ᾗ
470 2014 506 2080 ὁ
543 2015 728 2097 ἥλιος
764 2013 872 2079 καὶ
909 2014 950 2099 ἡ
991 2017 1253 2098 σελήνη,
1302 2014 1418 2091 οὓς
1455 2018 1704 2099 μόνους
1746 2020 1931 2079 θεῶν
1967 2017 2312 2082 αἰδεῖσθαί

280 2137 505 2204 φασιν.
578 2120 745 2186 ἀλλὰ
801 2122 923 2204 τὴν
978 2119 1076 2186 ἐπ’
1124 2121 1420 2200 εὐθείαςς
1476 2120 1643 2187 ἀλλά
1697 2118 1807 2186 καὶ
1851 2122 2055 2207 ταύτῃ
2101 2121 2305 2208 πέρας

280 2226 483 2311 ἐστίν,
528 2226 569 2311 ἡ
608 2237 728 2293 τοῦ
767 2230 946 2293 ἰδίου
990 2231 1200 2293 τόπου
1236 2227 1465 2306 τεῦξις.
1537 2230 1753 2314 πάντῃ
1790 2230 1919 2315 γὰρ
1955 2230 2029 2293 τὸ
2067 2230 2305 2312 γήινον

277 2332 608 2399 πέπαυται
671 2336 1070 2419 κινούμενον
1133 2335 1295 2399 ὅταν
1356 2342 1477 2417 γῆς
1545 2332 1959 2419 ἐπιλάβηται,
2028 2345 2165 2400 πᾶν
2234 2360 2304 2400 τε
2332 2359 2384 2398 20

279 2444 450 2528 ζῷον
511 2438 622 2505 καὶ
686 2442 904 2524 φυτὸν
974 2440 1429 2525 αὐξανόμενον
1486 2441 1648 2506 ὅταν
1709 2450 1830 2507 τοῦ
1897 2443 2075 2506 ἰδίου
2139 2442 2304 2527 ὅρου

282 2546 614 2631 ἐφίκηται,
671 2548 837 2612 ὥστε
881 2545 922 2630 ἡ
968 2547 1224 2610 τούτων
1272 2547 1499 2623 στάσις
1553 2546 1995 2631 εὐλογώτερος
2049 2545 2134 2612 ἂν
2177 2550 2304 2612 θά-

279 2677 479 2729 νατος
533 2651 793 2736 γένοιτο
844 2663 922 2740 τῇ
968 2652 1096 2738 ὕλῃ
1144 2651 1274 2735 <ἢ>
1319 2652 1359 2735 ἡ
1407 2650 1517 2717 ὑπ’
1556 2652 1778 2716 αὐτῶν
1821 2652 2025 2740 ταύτῃ
2072 2659 2304 2719 πλεκο-

279 2758 443 2844 μένη
491 2759 818 2844 ἀνήνυτος
854 2760 1140 2841 τελευτή.
1203 2760 1327 2842 τὴν
1363 2755 1437 2823 δὲ
1472 2759 1636 2823 κατὰ
1673 2757 1938 2841 γένεσιν
1971 2758 2083 2824 καὶ
2129 2767 2304 2845 φθο-

281 2868 409 2951 ρὰν
450 2862 609 2931 οὐδὲ
647 2865 988 2949 ἐπινοῆσαι
1037 2857 1184 2930 οἷόν
1220 2889 1290 2929 τε
1327 2875 1403 2951 τῇ
1449 2863 1771 2930 ὑποθέσει
1816 2866 2019 2951 ταύτῃ
2055 2869 2303 2951 προσή-
2331 2889 2381 2929 25

278 2989 561 3037 κουσαν·
598 2970 914 3055 ἀγένητος
949 2973 1076 3058 γὰρ
1116 2971 1341 3048 αὐτοῖς
1380 2970 1561 3036 ἐστιν
1585 2971 1626 3056 ἡ
1655 2971 1800 3055 ὕλη.
1856 2975 1915 3038 εἰ
1944 2970 2023 3037 δέ
2044 2996 2119 3054 γε
2146 2969 2299 3059 τὴνΙ

277 3076 416 3143 κατ’
459 3078 819 3144 ἀλλοίωσιν
861 3083 1128 3162 κίνησιν
1172 3078 1638 3143 ἀποδώσουσιν
1685 3078 1848 3165 αὐτῇ
1895 3117 1984 3124 —-
2029 3081 2301 3143 δοκοῦσι
2320 3085 2471 3142 f.182

278 3186 405 3271 γάρ
470 3185 752 3270 μάλιστα
814 3194 1010 3251 τοῦτο
1075 3183 1323 3269 λέγειν,
1393 3183 1532 3250 ἐπεὶ
1597 3187 1710 3250 διὰ
1772 3195 1887 3268 τῆς
1956 3184 2120 3268 ὕλης
2192 3184 2302 3250 καὶ

423 3383 452 3430 1
493 3376 842 3447 ἀρύθμιστον
879 3377 939 3430 Μ
1083 3384 1150 3432 10
1185 3378 1441 3448 πρόσεστι
1483 3376 1524 3432 C
1669 3382 1733 3430 11
1773 3376 1810 3432 f.
1851 3375 2162 3448 ἐξοριστὲον

282 3452 347 3502 13
386 3445 511 3594 <3⁸13
546 3448 675 3504 add.
715 3447 755 3503 C
894 3453 959 3503 19
997 3447 1036 3504 f.
1073 3457 1190 3503 πᾶν
1226 3468 1286 3503 τε
1423 3452 1490 3502 23
1530 3445 1652 3522 <ἢ>
1692 3446 1888 3501 addidi
2020 3452 2091 3502 24
2126 3447 2165 3504 f.
2203 3448 2303 3502 καὶ.

281 3518 469 3593 <zade
