2484 3800
179 112 232 166 X
994 115 1394 166 PRAEFATIO

183 279 402 339 narrat
465 276 575 340 ‘de
638 275 1117 339 Methodiorum
1189 276 1446 360 scriptis
1511 276 1855 341 diatribae’
1922 274 2210 364 (Romae

185 379 386 470 1656)
430 405 491 466 p.
533 384 660 446 339
682 404 772 466 sq.

315 488 548 553 Editus
608 489 866 553 tandem
926 492 1022 552 est
1077 489 1157 552 ad
1209 489 1403 553 fidem
1451 528 1534 535 -
1580 490 1636 554 si
1701 490 1799 553 dis
1861 490 2072 574 placet
2118 530 2206 539 —

183 596 537 682 apographi
584 596 913 682 Bigotiani
925 593 976 682 l)
1026 618 1062 658 a
1097 595 1437 661 Francisco
1479 595 1800 661 Combefis
1845 597 1913 660 in
1951 597 2208 663 ‘biblio-

182 702 403 766 thecae
473 724 849 789 graecorum
920 706 1179 786 patrum
1254 704 1522 766 auctarii
1594 704 1959 768 novissimi'
2023 709 2211 789 parte

182 810 383 873 altera
417 808 681 873 Parisiis
719 832 771 873 a.
805 811 994 894 1672,
1034 809 1270 873 horum
1307 810 1666 874 studiorum
1704 811 1955 875 saeculo
1995 833 2208 876 aureo.

184 915 309 980 Sed
357 916 528 1000 quod
574 917 782 980 editor
828 916 896 980 in
945 916 1358 1000 ‘prolusione'
1405 916 1817 981 librariorum
1868 919 2210 1004 neglegen-

181 1025 340 1087 tiam
387 1027 771 1107 conquestus
820 1022 895 1086 de
941 1045 1055 1086 sua
1099 1023 1302 1106 ipsius
1348 1044 1541 1106 opera
1593 1024 1918 1107 praedicat
1966 1027 2211 1107 factum

182 1137 388 1196 tamen
422 1150 597 1212 spero
625 1129 850 1212 (amice
887 1129 1095 1213 lector)
1130 1136 1203 1193 ut
1234 1151 1361 1211 qua
1395 1131 1690 1194 insudavi
1727 1152 1927 1214 opera,
1965 1152 2209 1196 omnem

181 1239 292 1301 tibi
325 1257 520 1318 prope
564 1237 877 1318 refixerim
915 1235 1062 1320 [sic]
1075 1287 1091 1320 ,
1139 1258 1212 1300 ae
1256 1237 1476 1317 quibus
1520 1238 1775 1301 haereas
1809 1258 2021 1318 pauca
2064 1238 2210 1302 reli-

179 1346 435 1428 querim,
472 1343 539 1406 id
575 1343 766 1428 longe
803 1364 984 1405 secus
1013 1364 1079 1406 se
1115 1342 1352 1406 habere
1389 1343 1676 1426 inspecto
1706 1343 1952 1429 Bigotii
1988 1344 2207 1408 codice

179 1451 365 1514 facile
421 1448 734 1533 apparuit.
826 1446 1037 1532 Ipsius
1084 1449 1254 1512 enim
1302 1448 1566 1513 editoris
1612 1472 1766 1513 sana
1811 1451 2207 1536 temptantiS,

180 1557 523 1640 depravata
569 1555 762 1618 etiam
807 1555 1014 1641 magis
1062 1555 1529 1638 corrumpentis
1537 1607 1555 1641 7
1602 1578 1748 1619 cum
1793 1556 2047 1643 singula
2092 1558 2205 1621 ali-

181 1663 477 1747 quotiens
511 1661 708 1725 verba
753 1666 893 1725 tum
939 1665 1078 1725 tota
1121 1684 1606 1745 nonnumquam
1650 1663 1980 1726 enuntiata
2016 1665 2205 1727 omit-

178 1770 374 1834 tentis
411 1769 701 1834 socordia
739 1772 802 1832 et
838 1790 1266 1852 praepropera
1302 1768 1710 1833 festinatione
1750 1770 2046 1834 effectum
2088 1774 2203 1856 est,

178 1880 252 1940 ut
306 1875 563 1940 libellus
618 1875 969 1953 innumeris
1025 1874 1274 1939 mendis
1329 1874 1702 1959 inquinatus
1759 1898 1837 1940 ex
1881 1880 2063 1961 parte
2109 1877 2204 1940 in—

179 1983 402 2068 tellegi
448 1983 708 2046 omnino
755 2004 885 2046 non
929 1985 1147 2065 posset
1199 1981 1620 2065 hominesque
1668 1986 1731 2046 et
1779 1982 1951 2046 docti
1998 1986 2062 2046 et
2107 2006 2203 2047 sa—

179 2112 365 2177 gaces
409 2088 583 2152 haud
628 2110 773 2153 raro
820 2089 888 2151 in
934 2088 1238 2151 ridiculos
1287 2109 1531 2152 errores
1577 2088 2043 2154 inducerentur.
2058 2088 2110 2178 2)

310 2196 539 2260 Versio
600 2195 800 2257 latina
855 2217 892 2257 a
942 2193 1326 2258 Combefisio
1385 2198 1604 2258 curata
1659 2196 1931 2280 repetita
1986 2201 2082 2261 est
2132 2198 2203 2261 in

180 2303 527 2368 ‘maximae
590 2301 1018 2365 bibliothecae
1073 2305 1363 2365 veterum
1425 2301 1715 2385 patrum'
1773 2304 2203 2387 supplementi

178 2411 310 2475 sive
348 2410 510 2474 tomi
537 2406 788 2473 XXVII
813 2412 996 2492 parte
1026 2409 1225 2472 altera
1252 2431 1311 2492 p.
1340 2408 1695 2474 459—465
1725 2406 1955 2496 (Lugd.
1981 2408 2201 2498 1677).

176 2517 266 2581 Et
315 2515 555 2581 Graeca
614 2519 679 2580 et
724 2515 954 2578 Latina
1013 2514 1382 2579 Combefisii
1446 2515 1513 2578 in
1570 2515 1890 2580 ‘veterum
1941 2521 2202 2600 patrum

177 2623 670 2688 bibliothecam'
717 2623 957 2706 recepit
1005 2619 1379 2686 Gallandius
1425 2625 1469 2686 t.
1506 2620 1603 2686 IV
1647 2646 1707 2706 p.
1751 2625 1832 2688 73
1846 2646 1981 2707 sqq.
2048 2621 2201 2712 (Ve-

177 2734 303 2794 net.
338 2727 556 2816 1768).
621 2728 806 2792 Hanc
843 2750 1062 2792 rursus
1100 2728 1446 2792 editionem
1483 2728 1653 2791 inter
1686 2733 1901 2812 patres
1938 2753 2201 2817 graecos

177 2841 221 2901 t.
252 2834 475 2901 XVIII
519 2860 579 2920 p.
617 2837 745 2901 411
764 2857 900 2919 sqq.
949 2832 1175 2922 (Paris,
1219 2832 1421 2921 1857)
1469 2835 1728 2898 iteravit
1774 2835 2019 2922 Migne‚
2074 2838 2200 2901 nisi

321 3048 374 3116 1)
411 3046 452 3100 Ι.
476 3046 595 3100 cod.
618 3044 795 3101 Paris,
818 3045 997 3114 suppl.
1021 3061 1205 3114 graec.
1227 3050 1350 3115 270,
1389 3045 1458 3101 cf.
1489 3062 1659 3114 supra
1693 3046 1864 3115 p.VII
1884 3064 1984 3117 sq..
2032 3047 2199 3116 Bigo-

179 3134 323 3189 tium
360 3136 636 3204 eoeemplar
669 3152 832 3190 sumn
867 3153 904 3189 a
931 3134 1093 3189 Luca
1119 3136 1409 3189 Holstem'o
1443 3152 1640 3206 mayno
1667 3152 1887 3191 munere
1916 3136 2200 3206 accepisse

181 3222 322 3277 dicit
379 3222 669 3278 Combefis.
744 3222 891 3278 Cave
940 3225 1132 3277 tamen
1187 3224 1384 3277 credas
1441 3222 1784 3293 descriptum
1837 3225 1899 3278 id
1954 3241 2076 3280 esse
2131 3241 2202 3279 ex

176 3311 460 3366 Holstenii
496 3312 615 3366 cod.
654 3312 882 3367 Barber.
910 3313 990 3365 III
1026 3317 1093 3366 81
1132 3311 1223 3367 vel
1261 3312 1585 3383 apographo
1624 3313 1743 3368 eius
1780 3314 2022 3382 aliqu0..

319 3401 374 3467 2)
412 3399 478 3454 V.
528 3399 770 3469 exempli
815 3399 1002 3469 gratia
1047 3400 1206 3456 Ferd.
1252 3401 1376 3457 Chr.
1417 3402 1567 3456 Baur
1612 3404 1714 3457 das
1759 3403 2202 3459 Mamichaeische

179 3487 662 3558 Reliyionssystem
698 3486 1006 3557 (Tubingae
1045 3492 1205 3561 1831)
1245 3510 1298 3561 p.
1330 3494 1432 3545 238
1472 3490 1599 3547 adn.
1632 3495 1714 3546 18.
