2484 3800
222 117 266 178 4
693 116 1182 176 ΑΛΕΞΑΝΔΡΟΤ
1218 116 1770 169 ΛΤΚΟΠΟΑΙΤΟΤ

223 283 477 363 μᾶλλον
521 272 641 343 καὶ
656 262 1249 364 ἶζηῦητικωτέρου9,
1286 279 1375 355 ὣς
1413 280 1498 343 άν
1533 302 1633 354 τις
1670 283 1866 360 εἴποι,
1904 274 2257 359 γεγονέναι

225 384 678 516 συμβέβηκενς
701 388 829 467 καί
849 389 1059 471 τινές
1088 387 1221 487 ἤδη
1263 382 1388 453 καὶ
1429 383 1747 471 αἱρέσεων
1799 384 2256 470 προῦστησαν·

226 490 339 576 ἀφ’
395 486 511 557 ὧν
508 471 593 575 ἦ
614 488 809 556 κᾶτα
830 490 931 557 τὸ
951 474 1120 575 ηθος
1166 488 1410 575 ἄδηλος
1453 491 1819 574 κατασκευὴ
1868 489 2256 575 ἐμαραίνετο

56 631 111 683 p.
124 612 210 667 4C
228 623 343 682 της
388 594 512 683 μὲν
556 600 719 663 κατὰ
764 598 884 663 τὸν
928 601 1134 681 λόγον
1188 598 1524 685 ἀκριβείας
1578 597 1700 662 οὐκ
1757 594 2258 682 ἐφικνουμένων

173 726 198 765 5
225 706 481 771 τούτων
542 705 687 770 ὅσοι
751 714 885 769 τῶν
944 702 1264 790 αἱρέσεων
1320 703 1632 787 ἡγεῖσθαι
1684 703 1947 788 ἠξίουν,
2001 712 2123 769 τοῦ
2182 699 2258 767 δὲ

225 816 477 877 πολλοῦ
514 812 819 894 πλήθους
849 810 1486 895 στασιαστικώτερον
1512 811 1678 896 πρὸς
1715 810 1877 875 αὑτὸ
1915 808 2261 875 διατεθέν-

30 932 215 986 {2179v
234 942 366 1001 τος,
411 920 694 993 κανόνος
740 912 814 981 δὲ
851 915 1127 992 οὐδενὸς
1168 913 1175 1001 Ι
1216 915 1505 992 ὑπόντος
1543 912 1701 981 οὐδὲ
1738 920 1964 1002 νόμων
2001 915 2114 1002 ἀφ’
2162 911 2261 982 ὧν

233 1036 367 1089 τῶν
413 1026 737 1108 ζητήσεων
781 1025 1190 1109 πορίσασθαι
1238 1024 1454 1088 λύσιν.
1530 1024 1832 1109 καθάπερ
1880 1020 1954 1088 δὲ
2002 1023 2075 1088 ἐν
2120 1034 2261 1100 τοῖς

233 1133 457 1206 ἄλλοις
492 1130 532 1213 ἡ
562 1132 908 1214 φιλοτιμία
936 1130 1030 1205 εἰς
1065 1128 1441 1214 ὑπερβολὰς
1478 1128 1882 1195 ἐκπίπτουσα
1919 1128 2040 1194 οὐκ
2078 1132 2262 1194 ἔστιν

154 1238 268 1303 1οὸ
315 1260 378 1302 τι
425 1236 505 1302 οὐ
566 1239 981 1320 λυμαίνεται,
1035 1232 1101 1298 Π
1165 1235 1338 1300 οὕτω
1402 1231 1476 1300 δὲ
1535 1233 1645 1301 καὶ
1706 1234 1813 1301 ἐπὶ
1871 1237 2127 1301 τούτων
2179 1245 2259 1322 τῇ

233 1345 568 1426 καινότητι
628 1353 763 1407 τῶν
817 1340 1032 1420 δοξῶν
1093 1339 1396 1428 ἑκάτερος
1451 1342 1570 1407 τὸν
1622 1343 1752 1429 πρὸ
1808 1340 2015 1408 αὐτοῦ
2060 1342 2263 1428 ὑπερ-

236 1451 601 1534 βάλλεσθαι
649 1449 1037 1527 σπουδάζων
1075 1449 1170 1524 εῐς
1210 1447 1546 1532 ἀνήνυτον
1579 1458 1850 1535 πρᾶγμα
1885 1450 2009 1532 τὴν
2046 1448 2264 1531 ἁπλῆν

237 1557 485 1640 ταύτην
530 1554 1007 1639 ἐμβεβλήκασιν
1052 1557 1489 1639 φιλοσοφίαν·
1545 1557 1763 1641 ὥσπερ
1813 1555 1848 1622 ὁ
1910 1558 2263 1640 λεγόμενος

240 1667 643 1746 Μανιχαῑος,
700 1660 773 1737 ὃς
819 1659 1084 1747 Πέρσης
1137 1660 1261 1746 μέν
1314 1665 1415 1739 τίς
1470 1662 1651 1728 ε’στιν
1703 1663 1778 1727 τὸ
1834 1660 2054 1746 γένος,
2098 1662 2266 1726 κατά

163 1790 213 1830 15
241 1793 315 1852 γε
373 1771 496 1852 τὴν
551 1769 714 1853 ἐμὴν
767 1766 970 1846 δόξαν
1022 1769 1275 1844 πάντας
1329 1769 1723 1855 ὑπερβαλὼν
1776 1777 1869 1856 τῷ
1921 1769 2265 1853 θαυμάσια

242 1874 484 1960 λέγειν·
528 1873 639 1941 καὶ
686 1874 767 1941 οὐ
812 1875 1016 1941 πάλαι
1062 1871 1185 1960 μὲν
1234 1874 1636 1942 ἐπεπόλασεν
1680 1875 1720 1960 ἡ
1759 1876 2000 1942 τούτου
2040 1898 2265 1940 καινο-

242 1987 436 2068 τομία
482 2021 568 2028 ——
611 1985 870 2068 πρῶτός
933 1980 1014 2065 γε’
1071 2005 1170 2059 τις
1226 1984 1461 2059 Πάπος
1514 1984 1808 2067 τοῦνομα
1869 1984 2036 2069 πρὸς
2096 1981 2267 2066 ἡμᾶς

246 2089 502 2173 ἐγένετο
547 2100 662 2174 τῆς
706 2100 827 2157 τοῦ
874 2090 1119 2177 ἀνδρὸς
1166 2089 1362 2174 δόξης
1409 2089 1720 2175 ἐξηγητὴς
1765 2088 1875 2155 καὶ
1920 2092 2079 2175 μετὰ
2114 2097 2268 2155 τοῦ·

245 2221 363 2262 τον
413 2200 649 2280 Θωμᾶς
693 2199 809 2260 καί
848 2221 1023 2273 τινες
1070 2196 1284 2283 ἕτεροι
1329 2194 1465 2281 μετ’
1519 2196 1765 2274 αὐτούς
1801 2236 1908 2280 —‚
1955 2196 2152 2272 αὐτὸς
2192 2191 2267 2259 δὲ

170 2325 219 2364 20
249 2302 353 2369 ἐπὶ
403 2302 859 2388 Οὐαλεριανοῦ
905 2299 1027 2388 μὲν
1072 2302 1418 2387 γεγονέναι
1465 2302 1744 2388 λέγεται,
1792 2311 2268 2389 συστρατεῦσαι

249 2411 554 2497 Σαπώρςο
610 2416 702 2496 τῷ
757 2408 1015 2496 Πέρσῃ,
1074 2411 1535 2496 προσκρούσας
1591 2408 1672 2475 δέ
1718 2435 1782 2475 τι
1841 2410 2052 2496 τούτῳ
2107 2408 2269 2473 ἀπο-

249 2513 547 2581 λωλέναι.

390 2622 624 2687 Τοιάδε
671 2615 797 2686 οὖν
841 2644 941 2697 τις
987 2623 1169 2706 φήμη
1216 2630 1332 2705 τῆς
1379 2620 1638 2686 ἐκείνου
1698 2619 1893 2706 δόξης
1951 2622 2078 2687 ἀπὸ
2136 2633 2270 2687 τῶν

249 2730 605 2814 γνωρίμων
649 2737 769 2792 τοῦ
816 2726 1062 2814 ἀνδρὸς
1108 2727 1382 2812 ἀφίκετο
1427 2728 1594 2815 πρὸς
1638 2727 1823 2813 ἡμᾶς.
1897 2726 2099 2816 ἀρχὰς
2148 2728 2273 2793 ἐτί-

395 2995 427 3043 3
484 2988 560 3043 ἅδ
562 2994 715 3059 ηλοςε
777 2990 815 3046 f.
881 2991 1086 3063 ἀκίβδη
1091 2994 1183 3053 λος
1243 2990 1336 3044 vel
1391 2989 1592 3053 ἄδολος
1645 2989 1758 3048 vel
1790 2990 1925 3045 tale.
2008 2992 2274 3079 ἀρίδηλος

255 3059 397 3116 coni.
434 3061 648 3115 Usener
827 3066 859 3114 6
897 3061 1035 3116 αὐτὸ
1072 3061 1132 3114 Μ
1217 3118 1220 3121 ,
1298 3067 1326 3115 7
1367 3061 1622 3125 εἰπόντος
1656 3061 1741 3116 M.
1781 3078 1917 3117 corr.
1957 3060 1997 3115 C
2161 3063 2247 3131 ἀφ

255 3129 333 3187 ὧν
381 3176 392 3187 .
444 3177 454 3188 .
506 3175 518 3187 .
566 3152 674 3202 πορ
679 3134 938 3188 ίσασθαιε
998 3132 1066 3187 cf.
1097 3149 1144 3187 e.
1173 3130 1519 3202 gaPhilosssr.
1548 3151 1599 3188 v
1639 3133 1797 3203 soph.
1835 3133 1862 3187 Ι
1892 3137 1957 3187 15
1997 3134 2070 3195 ὡς
2106 3132 2275 3188 οὐδὲν

256 3203 398 3259 ουτω
463 3153 674 3259 δεινὸνρ
718 3200 996 3274 ἐρούντων
1043 3203 1196 3273 ἄχος
1259 3202 1288 3258 ὃ
1353 3204 1426 3274 μὴ
1493 3199 1699 3270 ἐξελεῖν
1761 3212 1859 3273 τῆς
1912 3205 2133 3291 γνώμης

259 3280 322 3328 11
362 3274 400 3330 f.
440 3273 668 3338 ἕκαστος
831 3281 897 3329 17
937 3273 1159 3337 Πάποςι
1207 3274 1276 3330 cf.
1323 3294 1377 3345 p.
1407 3275 1538 3329 XIII
1576 3280 1605 3328 1
1762 3280 1831 3329 20
1876 3278 2006 3345 post
2059 3274 2278 3345 λέγεται

259 3345 580 3399 addendum
615 3345 713 3399 καὶ
767 3349 868 3400 ιιι-11,
922 3362 1046 3400 cum
1094 3345 1135 3401 O
1190 3366 1250 3402 τε
1295 3348 1426 3415 post
1461 3354 1860 3428 συστρατεῦσαι
2002 3352 2068 3400 21
2109 3364 2278 3415 προσ-

259 3424 517 3552 κὲριᾷῢσῖιεῖ
540 3416 623 3471 M.
670 3417 1131 3488 προσκρούσαντα
1178 3418 1247 3487 C,
1294 3416 1508 3472 correxi
1687 3424 1756 3473 24
1794 3416 1985 3491 (δύο)
2023 3417 2200 3488 ἀρχὰς
2238 3416 2280 3473 C

263 3500 290 3536 c
