2484 3800
210 73 296 140 38
685 71 1177 135 ΑΔΕΞΑΝΔΡΟΤ
1211 73 1760 128 ΑΤΚΟΠΟΛῙΤΟΤ

210 248 345 302 τῶν
409 237 731 323 σωμάτων
792 238 1314 321 ὑποδηλοῦντες,
1383 236 1556 301 οὕτω
1621 236 1743 319 τὴν
1805 239 2075 319 ποίησιν
2141 238 2243 314 εἰς

37 350 188 405 f.192
209 346 643 428 ψυχαγωγίαν
687 351 779 431 τῷ
821 343 1117 428 θαύματι
1160 352 1707 427 κατακοσμοῦσιν.
1750 340 1757 429 Ι
1799 345 1870 407 οἳ
1909 339 1984 407 δὲ
2031 340 2243 408 οὐδὲν

211 451 459 526 εἰδότες
511 450 795 533 τούτων,
850 451 1019 514 ἔνθα
1073 448 1202 514 δᾶν
1254 454 1756 535 παραλογισμοῦ
1810 472 1993 526 τινος
2038 449 2237 514 εὐπο-

212 565 408 643 ρῆσαι
446 557 800 640 δύνωνται,
846 556 1101 622 ὁπόθεν
1137 557 1379 639 δήποτε
1418 554 1629 621 ἐκεῖνο
1667 554 1942 640 ἕρμαιον
1981 553 2238 621 ἑαυτῶν

157 685 182 725 5
209 673 582 747 ποιοῦνται,
627 664 846 750 ὥσπερ
894 664 1617 748 διαπραγματευόμενοι
1653 663 1727 727 τὸ
1765 658 2012 745 ἀληθὲς
2056 664 2237 748 πάσῃ

209 766 405 854 τέχνῃ
449 772 1045 852 καταγωνίσασθαι.

342 873 561 940 XXVI
642 877 729 940 Τὸ
786 872 859 940 δὲ
904 885 1039 962 πῦρ
1087 875 1314 952 αὐτοῖς
1358 877 1432 940 τὸ
1479 876 1836 941 καυστικὸν
1871 871 1994 959 μὲν
2030 875 2238 960 ἀφεγ-

209 977 319 1064 γὲς
366 980 462 1066 δέ,
506 984 579 1047 τὸ
630 981 813 1059 ἐκτὸς
856 989 977 1047 τοῦ
1021 985 1296 1067 κόσμου,
1341 992 1473 1047 ποῦ
1511 982 1802 1069 ἴδρυταις
1850 983 1909 1046 εἰ
1944 977 2067 1066 μὲν
2103 983 2237 1068 γὰρ

211 1085 317 1153 ἐπὶ
371 1089 490 1153 τὸν
535 1091 814 1173 κόσμον,
868 1091 938 1152 τί
987 1089 1060 1153 τὸ
1117 1095 1335 1154 αἴτιον
1378 1097 1500 1154 τοῦ
1546 1087 1773 1170 ἀπαθῆ
1824 1082 1994 1152 εἶναι
2039 1086 2238 1173 μέχρι

131 1218 183 1257 10
209 1202 332 1259 τοῦ
393 1197 723 1280 παρόντος
784 1195 903 1259 τὸν
966 1197 1249 1280 κόσμον;
1314 1196 1372 1260 εἰ
1434 1196 1561 1281 γὰρ
1627 1195 2008 1278 διαφθείρει
2069 1191 2237 1259 ποτὲ

210 1299 418 1365 αὐτὸν
459 1302 861 1385 πλησιάσαν,
915 1300 1025 1366 καὶ
1079 1311 1210 1367 νῦν
1261 1302 1428 1387 πρὸς
1482 1300 1688 1367 αὐτὸν
1739 1310 2077 1384 συνῆπται.
2173 1303 2236 1365 εἰ

210 1403 286 1471 δὲ
339 1411 540 1493 χωρίς
596 1405 775 1472 ἐστιν
829 1400 976 1474 οἷον
1028 1409 1118 1485 ὡς
1173 1407 1246 1474 ἐν
1303 1410 1451 1496 ἰδίῳ
1504 1411 1684 1497 τόπῳ
1743 1406 2101 1494 μετέωρον,
2167 1411 2243 1471 τί

208 1513 436 1577 παθὸν
496 1512 781 1599 ὕστερον
845 1512 1242 1601 ἐπιπεσεῖται
1306 1521 1399 1602 τῷ
1460 1516 1715 1601 κόσμους
1787 1513 1827 1596 ἢ
1900 1524 2038 1589 πῶς
2107 1522 2233 1577 τοῦ

212 1619 391 1683 ἰδίου
437 1620 645 1684 τόπου
701 1617 1104 1702 ἐκστήσεται;
1157 1619 1289 1683 ὑπὸ
1334 1623 1517 1695 τίνος
1563 1617 1851 1700 ἀνάγκης
1895 1615 2004 1681 καὶ
2050 1619 2235 1700 βίας;

130 1748 183 1788 15
209 1728 359 1789 τίνα
405 1721 479 1789 δὲ
525 1723 634 1790 καὶ
678 1725 843 1809 ὕλης
886 1722 1088 1810 χωρὶς
1134 1723 1426 1790 ἐπινοεῖν
1461 1733 1582 1789 τοῦ
1621 1725 1833 1809 πυρὸς
1869 1723 2242 1789 ὑπόστασιν

209 1830 250 1915 ἢ
304 1842 443 1909 πῶς
505 1833 578 1897 τὸ
643 1832 856 1918 ὑγρὸν
907 1831 1119 1921 τούτῳ
1186 1829 1367 1896 ε’στὶν
1425 1830 1637 1918 τροφὴ
1693 1829 1734 1914 ἢ
1791 1830 1915 1895 ὅσα
1977 1829 2235 1913 λέγεται

211 1938 699 2024 φυσικώτερον,
764 1939 845 2003 οὐ
907 1948 1028 2004 τοῦ
1086 1940 1417 2024 παρόντος
1469 1939 1675 2020 λόγου
1732 1936 1929 2002 ἐστίν.
2021 1936 2235 2001 ἐκεῖνο

212 2039 285 2108 δὲ
339 2044 602 2121 πάντως
653 2065 788 2108 που
843 2045 1138 2130 φανερὸν
1197 2042 1270 2108 ἐκ
1322 2054 1457 2108 τῶν
1513 2042 1906 2129 εἰρημένων,
1964 2045 2039 2108 τὸ
2105 2045 2235 2129 γὰρ

209 2158 344 2236 πῦρ
397 2151 473 2215 τὸ
528 2158 649 2215 τοῦ
701 2152 955 2235 κόσμου
1013 2149 1194 2227 ἐκτὸς
1248 2149 1536 2236 ἀκριβῶς
1591 2149 1772 2214 ἐστιν
1815 2149 1856 2233 ἡ
1914 2149 2237 2235 λεγομένη

52 2298 56 2305 -
132 2280 183 2318 20
211 2254 324 2321 ὑπ’
371 2256 593 2321 αὐτῶν
645 2256 797 2339 ὕλη·
855 2256 1205 2342 ἐπειδήπερ
1262 2256 1297 2321 ὁ
1352 2257 1539 2339 ἥλιος
1592 2255 1702 2321 καὶ
1745 2256 1786 2340 ἡ
1835 2259 2075 2340 σελήνη
2122 2281 2236 2321 κα-

209 2361 414 2447 θαροὶ
459 2370 779 2449 καθαρῶν
819 2365 1006 2439 ὄντες
1050 2370 1165 2445 τῆς
1208 2364 1401 2439 θείας
1448 2365 1791 2448 δυνάμεως
1836 2362 2237 2447 ἀπεζεύχθη-

211 2485 338 2563 σριν
400 2478 520 2535 τοῦ
582 2470 794 2554 πυρὸς
855 2469 1098 2534 τούτου
1171 2464 1374 2534 οὐδὲν
1438 2466 1690 2534 ἑαυτῶν
1764 2467 1838 2534 ἐν
1907 2477 1999 2557 τῷ
2069 2467 2237 2555 πυρὶ

209 2574 422 2664 τούτῳ
468 2576 944 2654 ὑπολείψαντες
988 2575 1214 2661 μέρος,
1260 2584 1458 2641 τοῦτο
1503 2571 1590 2659 ἦν
1633 2576 1674 2660 ἡ
1720 2575 1847 2660 ὕλη
1893 2574 2046 2641 καθ’
2085 2574 2239 2640 ἕαυ-
2445 2617 2446 2620 =

211 2683 361 2765 τήν,
415 2683 490 2747 τὸ
551 2681 837 2769 ἀκριβῶς
909 2673 1188 2766 ἄμικτον
1250 2683 1416 2768 πρὸς
1479 2682 1601 2765 τὴν
1662 2686 1863 2747 θείαν
1926 2683 2238 2767 δύναμιν.

133 2809 184 2850 25
212 2789 379 2853 ὥστε
432 2786 517 2853 ἂν
568 2796 831 2875 κενωθῇ
886 2792 1129 2873 κόσμος
1182 2796 1298 2871 τῆς
1350 2786 1488 2853 κατ’
1528 2788 1734 2854 αὐτοῦ
1790 2792 1981 2865 θείας
2033 2790 2238 2854 δυνά-

354 3021 389 3069 4
427 3011 658 3087 ἕρμαῖον
695 3016 755 3070 M
864 3021 895 3069 9
936 3016 996 3073 ‘f.
1028 3012 1121 3072 ἐπὶ
1156 3023 1232 3071 τῶ
1269 3016 1470 3089 κόσμῳ,
1508 3032 1704 3070 vereor
1738 3031 1809 3069 ne
1848 3015 2234 3071 accusativum

209 3086 476 3142 librarius
513 3088 857 3157 Byzantinus
895 3072 1259 3143 commiserst’
1301 3088 1514 3142 Usener
1657 3092 1726 3140 10
1763 3087 2080 3156 διαφθερεῖ
2108 3087 2149 3142 C

213 3164 280 3212 13
318 3159 526 3213 παθὼν
561 3159 646 3215 M:
685 3176 822 3213 corr.
860 3158 904 3213 P
1120 3165 1188 3213 20
1209 3177 1330 3228 sqq.
1370 3161 1459 3213 est
1502 3158 1667 3227 quasi
1712 3159 1994 3226 quaedam
2037 3162 2238 3213 παλιν-
2445 3191 2446 3198 1

212 3231 419 3299 ὃρομία
472 3229 716 3299 periodi,
773 3231 844 3284 de
900 3246 1012 3299 qua.
1066 3230 1137 3286 cf.
1195 3229 1252 3286 C.
1300 3231 1387 3285 Fr.
1425 3228 1710 3283 Hermann
1765 3228 1840 3282 ad
1884 3228 2030 3285 Plat.
2080 3228 2238 3286 civit.
2445 3201 2446 3258 ¹

209 3300 236 3350 I
272 3304 421 3367 3290,
459 3299 658 3354 Stallb.
698 3301 771 3353 ad
807 3301 956 3380 legg.
986 3300 1090 3355 VH
1127 3298 1264 3355 8131>
1301 3301 1374 3356 al.
1557 3305 1625 3354 25
1661 3298 1846 3369 possis
1884 3299 2058 3354 etiam
2095 3298 2232 3354 ὥστ’

215 3362 316 3418 ἐὰν
530 3367 732 3436 κόσμος
785 3386 990 3424 omlsso
1045 3371 1283 3426 articulo
1339 3370 1564 3440 saepius
1619 3371 1727 3426 Tit.
1777 3370 2028 3426 Bostren.
2075 3371 2242 3426 velut

212 3451 266 3500 p.
301 3439 384 3500 18,
414 3441 498 3488 20.
539 3442 607 3488 23
643 3438 777 3506 Lag.
919 3440 957 3493 f.
998 3438 1122 3494 κατ’
1166 3442 1338 3496 αὐτὸν
